2490 4124
183 250 227 314 64
514 249 603 303 LYDI
619 247 668 302 DE
688 247 862 303 OSTENTIS

250 411 280 476 ι’.
314 410 373 476 ἐάν
394 415 577 499 βροντήση,
605 412 753 488 θάνατος
775 407 837 495 μὲν
859 412 950 475 ἔσται
974 413 1111 494 συχνός,
1141 411 1193 474 εύ-

183 524 288 614 θηνία
311 517 349 583 δὲ
372 519 468 604 ὅμως.

186 697 190 701 ,
251 633 303 700 ια’.
336 634 394 700 ε’ἀν
425 637 608 722 βροντήση,
640 635 790 719 καύματα
821 631 882 717 μὲν
914 633 1056 717 ἀβλαβῆ,
1089 635 1130 698 τὰ
1157 630 1194 697 δὲ
1209 658 1245 698 ιο.

184 744 338 807 πολιτικὰ
361 741 398 807 ἐν
420 742 613 828 εὐφροσύνῃ
638 744 737 807 ἔσται.

251 856 303 940 ιβ’.
335 856 393 922 ἐάν
414 859 598 944 βροντήση,
627 856 749 940 ὁμοίως
772 857 817 934 ὡς
840 844 955 941 ἐπὶτή
977 857 1042 943 πρὸ
1066 857 1195 938 ταύτης.
1224 880 1236 919 5

148 983 173 1037 D
251 971 303 1056 ιγ’.
334 972 393 1038 ίάν
415 975 599 1060 βροντήση,
622 973 791 1037 δυνάστου
814 982 942 1036 πτῶσιν
965 971 1099 1036 ἀπειλεῖ.
1199 1039 1201 1042 ,

252 1086 304 1152 αἵ.
335 1087 394 1152 ε’ἀν
411 1090 594 1175 βροντήση,
613 1088 784 1164 καυσῶδες
799 1085 861 1172 μὲν
875 1088 911 1151 τὸ
926 1086 1080 1173 περιέχον
1094 1090 1196 1169 ἔσται,

133 1194 365 1281 104Αεύφορία
383 1192 421 1258 δὲ
438 1205 506 1259 τῶν
520 1205 657 1280 καρπῶν
670 1193 725 1259 καὶ
740 1195 856 1281 εὔροια
869 1205 937 1258 τῶν
949 1197 1120 1277 ποταμίων
1135 1193 1197 1277 οὐχ

184 1302 302 1384 ἥκιστα
326 1302 464 1384 ἰχθύων.
509 1302 550 1365 τά
573 1301 707 1384 σῶματά
730 1324 767 1384 με
790 1302 856 1384 μήν
879 1299 1102 1383 ἐξασθενήσει.

252 1415 298 1481 ιε’.
323 1415 381 1481 ε’ἀν
403 1418 583 1502 βροντήση,
605 1417 646 1480 τά
668 1413 730 1499 μὲν
751 1419 859 1500 πτηνά
881 1418 1131 1500 λυμανθήσεται
1150 1423 1196 1501 τῷ
1212 1440 1237 1478 10

184 1520 290 1608 θέρει,
315 1524 346 1587 ολ
370 1519 408 1587 δὲ
431 1523 548 1607 ἰχθύες
571 1525 815 1609 φθαρήσονται.

252 1635 302 1711 ις’.
331 1637 389 1702 ἐάν
410 1624 593 1724 βροντήση,
622 1637 684 1702 οὐκ
708 1637 887 1703 ε’λάττωσιν
909 1639 1015 1721 μόνον
1037 1648 1105 1702 τῶν
1128 1636 1198 1701 ἐπι-

108 1807 111 1814 .
151 1745 325 1828 Βτηδείων
353 1744 436 1808 ἀλλά
462 1743 518 1809 καὶ
546 1747 693 1829 πόλεμον
721 1744 861 1829 ἀπειλεῖ,
890 1743 973 1830 ἀνὴρ
1002 1744 1043 1808 δέ
1066 1769 1116 1821 τις
1144 1744 1197 1808 εὐ-

184 1853 285 1936 τυχής
308 1851 583 1936 ἀφανισθήσεται.

252 1965 300 2046 ιζ.
332 1966 390 2032 ἕάν
421 1970 605 2054 βροντήση,
636 1967 786 2050 καύματα
818 1968 909 2030 ἔσται
936 1963 992 2031 καὶ
1019 1977 1114 2050 μυῶν
1140 1965 1198 2031 καλ
1213 1988 1238 2028 15

78 2131 81 2140 .
186 2072 390 2157 ἀσφαλάκῶν
411 2073 467 2138 καὶ
490 2074 638 2161 ἀκρίδων
661 2073 763 2159 φορά·
787 2072 952 2156 εὐθηνίαν
974 2069 1012 2137 δὲ
1036 2072 1124 2156 ὁμῶς
1142 2072 1198 2138 καὶ

186 2181 315 2263 φόνους
337 2188 384 2266 τῷ
408 2180 500 2267 δήμφ
524 2178 628 2265 φέρει.

253 2292 304 2377 ιη’.
329 2293 387 2358 ἐὰν
408 2296 592 2381 βροντήση,
615 2296 753 2381 φθορὰν
774 2305 842 2359 τῶν
864 2305 1000 2381 καρπῶν
1023 2294 1157 2359 ἀπειλεῖ.

156 2418 177 2473 Ο
254 2406 311 2474 ιθ”.
341 2408 399 2473 ἐάν
425 2411 608 2496 βροντήση,
640 2411 680 2474 τά
706 2411 935 2493 λυμαινόμενα
961 2420 1031 2486 τοῖς
1058 2419 1199 2496 καρποῖς

186 2517 291 2601 θηρία
313 2518 531 2601 φθαρήσεται.
1212 2540 1240 2580 νο

253 2628 291 2695 κ’.
315 2629 374 2696 ἐὰν
396 2633 578 2717 βροντήση,
602 2631 775 2714 διχόνοιαν
798 2629 925 2695 ἀπειλεῖ
947 2639 993 2719 τῷ
1018 2633 1119 2720 δήμῳ.

258 2840 277 2894 3
295 2849 352 2903 τοῖς
370 2839 401 2894 δὲ
420 2845 572 2902 πολιτικοῖς
590 2842 619 2895 Ρ
634 2840 675 2910 1Ιῦ
693 2839 740 2894 hic
759 2830 858 2894 s'eribit
877 2840 927 2895 ἐὰν
946 2842 1085 2914 βροντήση
1104 2845 1150 2912 ΡΙ
1166 2852 1200 2914 τῇ

187 2911 242 2982 πρὸ
265 2912 380 2983 ταύτης]
403 2920 452 2979 τῆς
474 2909 625 2981 ἕνθεκάτης
647 2914 676 2967 Ρ
700 2914 709 2981 ΙΙ
737 2912 754 2967 8
778 2911 876 2981 εύροια
898 2921 954 2966 τῶν
975 2923 1119 2983 ποταμῶν·
1149 2917 1201 2985 οὐχ

188 2986 222 3052 Ρ,
242 2983 318 3051 quod
335 3000 392 3036 non
411 2982 558 3052 displicuit
570 2982 666 3052 Hasio,
684 2982 727 3036 ita
745 2985 777 3036 ut
790 2985 890 3053 postea
904 2983 1035 3037 lacunam
1050 2988 1201 3055 statueret3

190 3055 288 3123 εύροια
307 3053 384 3178 Smin}
402 3063 535 3123 ποταμῶν
553 3056 602 3108 καὶ
620 3051 772 3124 ἀφθονία)
790 3064 846 3110 τῶν
862 3053 1006 3125 ποταμίων
1021 3056 1092 3111 coni.
1106 3056 1201 3125 Hertz,

190 3127 225 3181 de
243 3125 312 3196 Nigi
334 3170 339 3181 .
358 3125 449 3206 Figul.
468 3144 495 3195 p.
511 3131 544 3178 33
565 3126 628 3181 adn.
648 3133 664 3179 3
683 3128 692 3195 ΙΙ
712 3125 761 3181 13·
781 3124 819 3181 14
838 3127 961 3197 εὐτυχεῖς
979 3128 1027 3196 Pu
1042 3125 1079 3182 14
1098 3128 1202 3196 ἀφανι-

189 3197 326 3266 σθήσεται
344 3213 416 3252 com.
434 3196 565 3260 Hereher,
585 3198 738 3266 ἀφανεῑται
757 3196 786 3267 0,
806 3198 995 3268 ἀναφανεῖται
1014 3200 1042 3253 Ρ
1064 3201 1073 3268 ΙΙ
1096 3199 1134 3253 15
1153 3200 1203 3253 καὶ

188 3270 256 3338 post
279 3267 356 3323 ἔσται
378 3286 431 3323 om.
456 3269 484 3322 Ρ
506 3269 510 3341 l
537 3277 614 3339 μυῶν
637 3284 706 3324 corr.
729 3268 763 3324 H.
787 3285 838 3338 pro
862 3278 950 3339 μυιῶν
969 3268 1032 3324 coll.
1051 3288 1078 3339 p.
1099 3276 1150 3323 120
1165 3271 1202 3339 A,

190 3346 242 3394 126
258 3339 286 3408 0,
307 3345 358 3393 140
372 3340 408 3409 A,
429 3346 480 3394 146
495 3340 531 3408 Α,
552 3344 603 3393 150
618 3340 648 3394 D
666 3338 731 3394 aliis
744 3341 754 3410 ΙΙ
769 3339 806 3394 16
825 3338 913 3411 φορά]
933 3339 973 3393 sic
993 3341 1058 3410 01³3
1076 3339 1107 3394 id
1125 3342 1203 3408 quod

188 3411 311 3481 Rutgers
330 3411 420 3479 dedit,
440 3410 547 3481 φθορά,
566 3409 673 3481 recepit
690 3411 725 3466 H.
741 3411 745 3481 Ι
762 3411 885 3479 εύθηνία
904 3412 953 3483 ΡΙ
975 3411 1048 3481 ὁμῶς
1066 3413 1114 3467 καὶ
1132 3429 1202 3469 corr.

189 3499 240 3551 pro
259 3481 275 3536 3
296 3503 332 3546 ως
351 3484 400 3538 καλ
416 3482 450 3540 Η,
471 3481 544 3563 (coll.
564 3481 623 3553 ἀμα
642 3482 691 3536 καὶ
707 3501 734 3552 p.
756 3487 834 3551 68‚9
853 3484 883 3536 et
900 3484 950 3536 καὶ
968 3482 1039 3553 ὁμοῦ
1057 3501 1084 3552 p.
1101 3489 1147 3552 69,
1163 3489 1179 3537 8
1194 3484 1205 3556 ή

191 3552 226 3605 17
243 3503 360 3678 φάἀοοὶΥ
363 3553 393 3607 in
407 3553 591 3623 susp1tionem
605 3555 690 3608 vocat
700 3552 825 3607 Hercher
837 3554 847 3622 Ιή
863 3552 899 3622 18
914 3554 1013 3624 φθορὰ
1023 3556 1051 3609 Ρ
1061 3557 1072 3625 u
1086 3553 1123 3609 19
1137 3556 1204 3619 τοὺς

192 3643 318 3691 καρπους
