2490 4124
637 965 654 1028 Ι

402 1121 597 1197 ΑΕΤΙΟΤ
622 1121 896 1197 ΑΜΙΔΗΝΟΎ

302 1278 407 1344 ΠΕΡΙ
429 1275 755 1343 ΕΠΙΣΗΜΑΣΙΩΝ
777 1277 991 1343 ΑΣΤΕΡΩΝ

479 1399 671 1451 (ΤΕΤΒΑΒΙΒΒ.
684 1401 722 1441 m
736 1412 756 1443 ο.
768 1404 815 1451 164)

206 1564 339 1648 Ἐπειδὴ
363 1561 418 1629 καὶ
441 1565 474 1629 ολ
497 1560 565 1627 κατ’
590 1562 738 1648 οὐρανὸν
762 1561 897 1650 ἀστέρες
920 1561 1154 1640 ἀνατέλλοντες

142 1673 226 1738 κατὰ
248 1673 328 1748 τοὺς
350 1666 571 1753 τεταγμένους
594 1668 709 1746 αὐτοῖς
730 1669 796 1733 ὑπὸ
825 1678 885 1734 τού
909 1676 994 1735 θεοῦ
1017 1672 1154 1755 καιροὺς

142 1778 199 1844 καὶ
227 1780 386 1854 δύνοντες
413 1776 536 1860 ὁμοίως
562 1776 622 1840 τὸν
650 1773 730 1861 ἀέρα
754 1775 964 1860 ἀλλοιούσιν,
996 1777 1041 1853 ὡς
1073 1792 1154 1860 συμ-

142 1888 275 1968 βαίνειν
303 1883 338 1949 έκ
365 1885 486 1948 τούτου
514 1878 569 1946 καὶ
598 1880 741 1965 ἀνέμους
769 1883 887 1946 ἀλλοτε
916 1883 1023 1959 ἀλλως
1044 1892 1154 1946 πνεῖν·

111 1992 327 2075 τάναγκαῖον
355 1989 494 2073 ἐνόμισα
521 1987 669 2052 ἐνταῦθα
693 1988 840 2072 δηλῶσαι
863 1989 1016 2074 καιρούς,
1045 1988 1082 2053 έν
1105 1980 1156 2065 οἷς

143 2098 255 2163 αὐτῶν
279 2107 394 2181 σαφῶς
413 2095 639 2161 ἀλλοιούντων
661 2096 722 2160 τὸν
744 2093 825 2181 ἀέρα
844 2094 1001 2160 ἀνατολαὶ
1018 2092 1074 2160 καὶ
1098 2095 1156 2159 όύ-

144 2223 214 2282 σεις
236 2208 397 2288 γίνονται.
432 2200 488 2267 καλ
520 2203 583 2288 γὰρ
611 2213 679 2266 τῶν
707 2201 933 2285 ὑγιαινόντων
959 2203 999 2266 τά
1023 2201 1157 2285 σώματα

142 2309 199 2376 καλ
230 2314 344 2397 πολλῷ
375 2312 503 2394 μᾶλλον
534 2320 602 2373 τῶν
631 2309 826 2373 νοσούντων
853 2307 1045 2374 ἀλλοιοῦται
1072 2308 1156 2393 πρὸς

144 2419 207 2500 τὴν
228 2426 289 2481 τοῦ
312 2414 409 2502 ἀέρος
432 2415 641 2480 κατάστασιν.

99 2554 130 2595 10
211 2521 306 2607 Μηνὶ
333 2524 494 2610 Δύστρςο,
518 2521 535 2585 ὅ
560 2521 629 2587 έστι
652 2525 831 2610 Μαρτίῳ,
854 2507 900 2587 ἷιῖ)
930 2521 948 2588 ὁ
978 2524 1157 2606 λεγόμενος

144 2632 245 2707 ἵππος
268 2626 480 2715 ἀνατέλλει.1)

211 2733 291 2820 μηνὶ
314 2743 360 2822 τῷ
384 2735 473 2822 αύτῷ
497 2737 542 2819 κγ
566 2737 719 2821 λσημερία
742 2732 903 2823 ἐαρινή·”)
932 2739 989 2800 καί
1010 2734 1080 2800 ἐστι
1102 2757 1157 2818 με-

145 2847 242 2928 γίστη
259 2844 390 2928 ’ταραχὴ
414 2851 475 2907 τοῦ
498 2841 603 2928 ἀέρος.
680 2917 683 2922 .

212 2948 292 3034 μηνὶ
321 2949 495 3035 Ξανθικῷ,
526 2946 699 3013 τουτέστιν
721 2947 973 3037 Ἀπριλίιμ,α
1000 2947 1157 3030 πληιάὃες

102 3083 131 3126 15
146 3055 328 3142 ἀκρόνυχοι
352 3053 573 3142 φαίνονται.3)

213 3160 293 3247 μηνὶ
316 3170 362 3249 τῷ
386 3162 476 3250 αὐτῷ
493 3147 539 3226 νύ
561 3162 718 3245 πληιάὃες
742 3159 887 3247 ἑσπέριοι
910 3157 1122 3246 κρύπτονται.

220 3358 246 3424 1)
266 3382 300 3401 =
314 3360 356 3408 21.
376 3355 458 3408 Mart.
482 3354 551 3422 Lyd.
575 3353 681 3408 Colum.
705 3352 776 3407 Plin.
808 3355 818 3423 fl
852 3355 878 3422 2)
898 3380 932 3399 =
947 3353 1009 3407 eod.
1029 3351 1158 3422 Callippo

147 3429 177 3481 et
195 3425 361 3480 Euctemoni
376 3425 495 3496 (Gemin.
515 3430 539 3479 1.
554 3424 645 3494 καίεο.)
659 3426 668 3494 ΙΙ
683 3427 709 3494 3)
728 3423 899 3491 κρύπτονται
914 3423 985 3478 coni.
1000 3424 1159 3479 Pontedera

146 3515 175 3567 p.
199 3503 262 3565 183,
291 3498 341 3552 sed
364 3497 398 3552 cf.
422 3497 519 3552 Petav.
543 3498 648 3550 auctar.
672 3514 698 3565 p.
719 3500 784 3564 2683
808 3523 841 3542 =
861 3496 922 3550 eod.
945 3495 1014 3564 Lyd.
1039 3494 1157 3566 Callipp.

147 3568 268 3640 (Gemin.
289 3574 330 3624 10.
346 3567 436 3638 ariet.)
456 3567 572 3634 Quintil.

203 3667 279 3709 Lm.
293 3668 375 3708 vau
388 3667 625 3708 ockwwhsmuuz
646 3667 690 3710 Ed.
701 3667 733 3708 11.
965 3661 998 3710 19
