2490 4124
114 247 202 302 LXIV
485 244 761 300 PROLEGOMENA

112 415 254 477 laudibus
268 407 402 497 saepem)
416 415 481 473 eius
496 433 621 474 acumen
631 414 750 472 extollit
760 413 961 474 Archimedes.
995 415 1129 492 scripto-

112 526 181 566 rum
196 505 259 563 eius
273 524 368 563 unum
387 506 639 563 commemoratur
656 502 904 562 mathematicum
922 503 960 563 de
980 522 1132 564 cenorum

113 593 295 655 sectionibus
318 593 517 669 compositum
526 584 580 673 ³¹),
607 592 737 650 alterum
760 592 797 651 de
820 592 986 670 astrologia
1011 596 1132 669 septem

112 684 205 744 libros
235 673 482 764 complexum.³²)
528 684 683 740 mortuum
716 681 845 758 denique
878 680 1031 741 Cononem
1064 700 1131 758 esse

112 773 194 833 haud
225 772 270 830 ita
302 771 399 830 multo
426 773 496 847 post
523 788 635 828 annum
665 770 727 827 243
756 761 832 849 (quo
862 789 939 829 anno
966 770 1128 831 Berenices

112 863 225 922 crinem
243 860 275 917 in
294 863 394 919 astera
411 850 534 938 retulit)
552 858 621 916 inde
641 858 801 916 concludas
820 859 902 935 quod
920 858 1127 938 Archimedes,

113 951 167 1028 qui
186 947 339 1024 ipseobiit
357 967 435 1007 anno
452 949 514 1005 212
534 966 560 1005 a.
576 945 652 1022 chr.
671 946 708 1005 de
726 947 778 1005 lin.
793 948 864 1023 spir.
882 967 912 1023 p.
929 949 947 1005 2
950 951 1049 1026 ‚.4sq
1070 950 1127 1008 ait.

113 1036 184 1119 μετὰ
207 1033 238 1096 δὲ
262 1035 405 1107 Κόνωνος
432 1032 568 1095 τελευτὰν
590 992 728 1095 πολλῶν
751 1032 838 1096 ἐτέων
860 1032 1123 1115 ἐπιγεγενημὲνων.

180 1125 309 1185 Cononis
346 1126 459 1184 amicus
482 1124 543 1183 fuit
570 1117 849 1206 Dositheus33),
882 1127 967 1184 cutus
995 1128 1123 1185 manime

113 1235 145 1275 oc
146 1219 203 1275 ttae
204 1217 261 1275 crc's
274 1215 395 1273 Eodch
407 1215 577 1273 taecribitur
591 1206 757 1294 (Censorio.
777 1233 800 1273 c.
815 1217 853 1273 18
872 1233 901 1289 p.
917 1215 969 1288 53,
980 1216 999 1274 5
1016 1208 1123 1316 Iahn..)

113 1311 144 1363 at
148 1323 205 1382 que
228 1306 306 1362 teste
331 1303 504 1362 Ptolemaeo
532 1322 561 1378 p.
582 1303 645 1361 275
669 1303 776 1362 ul
768 1323 800 1360 rn
829 1303 929 1362 insula
956 1301 998 1362 Co
1005 1295 1090 1386 34)
1082 1324 1124 1362 111-

114 1394 217 1453 stituit
245 1392 460 1450 astronomicas
488 1391 797 1467 etmeteorologicas
820 1392 1060 1470 observationes,
1090 1412 1124 1452 ex

113 1481 223 1558 quibus
255 1483 376 1556 praeter
406 1481 519 1538 multas
548 1499 566 1538 a
595 1479 863 1540 Pseudo-Gemino
891 1483 922 1539 et
949 1480 1122 1541 Ptolemaeo

113 1570 241 1630 traditas
270 1569 344 1627 duas
371 1569 506 1627 referunt
535 1568 652 1627 Plinius
674 1567 778 1627 XVIII
797 1571 860 1628 312
892 1571 923 1627 et
952 1569 1059 1646 Lydus
1088 1571 1121 1629 de

113 1658 237 1718 mensib.
261 1657 323 1716 IIII
342 1660 392 1717 83.
438 1659 573 1716 ceterum
595 1657 640 1717 ita
662 1656 744 1715 fama
766 1658 921 1736 inclaruit,
952 1661 988 1717 ut
1019 1658 1121 1718 Archi·

112 1748 214 1807 medes
233 1747 358 1825 dignum
376 1767 445 1806 eum
462 1745 588 1805 haberet
606 1747 749 1821 adquam
766 1737 837 1823 post
850 1746 980 1806 Cononis
994 1751 1122 1808 mortem

184 1920 229 1986 30)
248 1916 429 1971 Archimedes
449 1916 484 1969 de
502 1915 640 1971 helioibus
657 1932 782 2006 prooem.
801 1934 828 1984 p
844 1922 868 1985 2,
884 1922 899 1968 2
918 1915 1001 1970 Heib
1022 1915 1123 1971 Κόνων

113 1987 165 2058 μὲν
189 1989 239 2069 οὐχ
262 1988 361 2042 ἱκανὸν
384 1988 477 2059 λαβὼν
501 1986 533 2050 ἐς
550 1987 604 2041 τὰν
627 1985 776 2076 μάστευσιν
795 1988 887 2041 αὐτῶν
906 1986 1125 2057 (problematum

113 2009 300 2128 Archimedis)
323 2055 425 2148 χρόνον
448 2058 616 2127 μετάλλαξευ
639 2058 688 2113 τὸν
714 2055 781 2148 βίον
800 2059 849 2111 καὶ
872 2057 964 2127 ἄδηλα
982 2056 1065 2128 ἐποίη
1067 2076 1125 2114 σεν·

115 2131 161 2184 καὶ
188 2138 277 2183 ταῦτα
301 2129 395 2183 πάντα
421 2130 510 2196 εὑρὼν
535 2131 584 2184 καὶ
607 2129 676 2183 ἄλλοι
698 2128 787 2184 πολλὰ
814 2129 932 2196 ἐξευρὼν
955 2130 1005 2184 καὶ
1030 2129 1077 2184 ἐπὶ
1094 2129 1125 2184 τὸ

113 2205 209 2254 πλειον
223 2198 366 2289 προόημγε
381 2197 558 2269 γεωμετρίαν.
589 2198 764 2290 ἐπιστάμεθα
782 2199 835 2271 γὰρ
855 2199 1086 2267 όπολρξουσαν’
1053 2206 1126 2274 αυτῷ

113 2271 225 2326 σύνεσιν
243 2271 276 2326 ed
296 2270 349 2325 τὰν
367 2279 506 2341 τυχοῦσαν
524 2291 577 2342 περ
580 2275 590 2327 1
608 2274 639 2327 τὸ
658 2270 778 2340 μάθημα
792 2271 842 2325 καλ
855 2274 1028 2340 φιλοπονίαν
1043 2256 1127 2338 ὑπερ

116 2341 280 2434 βάλλουσαν
310 2295 1126 2434 1113111(13ιμ113313ο3ομ111111.1131111003ωέμ,6,3Η

114 2413 214 2479 ὤφειλε
233 2409 339 2482 μὲν
308 2433 359 2467 ουν
381 2410 513 2478 Κόνωνος
537 2414 576 2469 ἔτι
594 2414 731 2480 ζῶντοςέ
718 2411 884 2484 ἐκδίδοσθαι
903 2422 999 2468 ταῦτα.
1040 2423 1125 2484 τῆνον

113 2483 166 2554 γὰρ
190 2481 424 2575 ὑπολμμβόνομέν
446 2504 501 2540 που
528 2485 646 2556 μάλιστα
669 2484 814 2539 δύνασθαι
837 2493 1011 2554 κατανοῆσαι
1037 2494 1126 2540 ταῦτα

114 2556 163 2609 καὶ
180 2554 233 2622 τὴν
251 2552 426 2625 ἁρμόζουσαν
444 2555 514 2625 υπὲρ
534 2559 627 2611 αυτων
646 2557 810 2637 ᾀπόφανσιν
828 2555 1012 2624 ποιήσασθαι.

187 2627 231 2695 31)
250 2625 418 2715 Apollonius
436 2626 576 2696 Pergaeus
596 2627 683 2710 conio.
705 2629 770 2682 sect.
790 2626 840 2682 lib
855 2628 907 2682 IIII
882 2629 1049 2696 l.prooem
1068 2625 1126 2682 Κό-

114 2718 172 2752 νων
187 2695 201 2750 ὁ
216 2694 324 2767 Σάμιος
340 2695 456 2767 ἐξέθηκε
471 2698 516 2767 (de
531 2699 636 2754 conicis
651 2698 833 2768 sectionibus)
851 2699 921 2767 πρὸς
941 2702 1125 2767 Θρασυδαῖον

116 2769 168 2823 οόκ
187 2767 281 2836 ὀρθως
300 2769 330 2822 ἐν
347 2777 409 2831 ταις
427 2768 606 2836 ἀποδείξεσιν
625 2771 823 2838 ἀναστραφεός

186 2841 231 2908 32)
249 2839 356 2893 Probus
375 2838 393 2894 l
409 2858 429 2894 s.
450 2843 532 2896 libros
546 2844 578 2897 da
592 2844 740 2912 astrolopc‘c
759 2842 821 2896 VII
829 2843 947 2912 reliquit.
980 2845 1129 2911 praeterea

114 2911 148 2966 cf.
168 2911 255 2980 Papp.
275 2911 314 2964 IV
333 2917 411 2980 21p.
428 2916 480 2965 234
498 2912 568 2966 Hult
570 2913 625 2966 sch.
645 2913 677 2967 τὸ
702 2911 748 2966 ἐπὶ
771 2920 830 3001 τῆς
843 2911 933 2975 ἕλικος
951 2921 1000 2982 τῆς
1019 2913 1051 2967 ἐν
1069 2913 1128 2967 ἐπι-

113 2980 190 3056 πέδῳ
209 2982 387 3070 γραφομένης
405 2983 540 3072 δεόνρημα
558 2984 705 3052 προῦτεινε
724 2982 775 3052 μὲν
790 2981 889 3038 Κόνων
908 2982 922 3037 d
937 2983 1077 3055 Σαμιος
1080 3004 1128 3039 εω-

114 3039 227 3125 μέτόης,
241 3050 389 3119 ἀπέδειξεν
404 3052 435 3107 δὲ
451 3051 612 3124 Ἀρχιμήδης
631 3056 676 3125 (de
690 3054 739 3109 lin
754 3053 819 3123 spir.
835 3072 862 3123 p.
878 3061 942 3123 laq.
963 3055 1006 3109 ed.
1025 3006 1128 3125 Heib..)

186 3128 230 3194 33)
258 3124 292 3180 cf.
320 3124 500 3179 Archimedes
530 3125 564 3181 de
592 3127 721 3194 quadrat.
748 3125 845 3194 parab.
873 3144 900 3194 p
923 3131 1017 3195 294,1
1045 3126 1127 3181 Heib.

114 3198 169 3267 (ad.
184 3196 360 3278 Dositheum)
374 3196 518 3258 ἀκούσας
535 3199 598 3252 ,τὶν
613 3197 644 3251 δὲ
658 3195 790 3259 Κόνωνος
795 3197 938 3278 ,γνωριμον
947 3202 1127 3277 γεγενῆσθαι.

186 3270 231 3338 34)
245 3267 287 3322 ita
297 3267 371 3322 enim
381 3268 422 3338 (ἐν
431 3273 480 3340 Κῷ
494 3268 539 3322 vel
552 3268 582 3324 ἐν
592 3273 640 3342 Κῷ
655 3269 740 3342 νήσω)
750 3284 783 3321 ex
792 3267 1026 3337 interpretatione
1037 3269 1129 3324 Bona-

114 3323 772 3414 τοο31113313ςυωᾶοιῃοε3μτοἐνΚολωνελα,
796 3339 871 3407 quod
893 3338 995 3392 mirum
1018 3338 1051 3394 in
1069 3357 1127 3394 mo-

115 3410 182 3463 dum
209 3411 293 3464 torsit
318 3411 537 3466 Brandeaium
529 3430 560 3464 1n
586 3411 668 3466 Iahni
695 3382 788 3465 amiel
817 3409 906 3480 suppl.
930 3410 1037 3480 XIIIp
1041 3417 1127 3480 ,204,

115 3481 259 3534 Osannum
269 3483 366 3538 anecd
375 3483 492 3537 Roman.
502 3501 529 3551 p
539 3489 598 3552 320,
613 3481 787 3537 Boeckhium
797 3430 1037 3562 smeeooreeepp
1042 3488 1075 3536 31
1087 3500 1127 3551 sq.

115 3554 238 3605 ceterum
257 3569 321 3606 eum
339 3553 426 3607 etiam
442 3527 632 3635 AegyptIadas
656 3552 846 3623 apparitiones
867 3551 996 3607 attulisse
1016 3556 1130 3608 constat

114 3638 165 3692 per
179 3621 289 3676 Gemini
308 3628 343 3694 (p
360 3627 481 3693 181,19)
500 3624 700 3680 testimonium.
