2490 4124
111 217 184 270 XLII
399 217 414 253 '·
481 213 754 269 PROLEGOMENA

111 386 197 446 Lami
225 405 261 444 ex
288 384 350 444 cod.
380 381 520 442 Laurent.
544 384 576 441 in
605 402 684 460 oper.
708 383 817 443 Meurs.
840 383 900 442 vol.
920 381 965 441 VI
987 382 1125 443 Florent.

113 467 213 556 1745)
238 474 292 534 col.
314 475 376 532 917
401 472 594 531 celeberrima
622 471 821 532 astronomica
849 471 961 548 scripta
984 475 1126 532 recenset

112 563 278 622 Ptolemaei
297 580 441 622 canonem
460 564 491 620 et
509 561 773 639 quadripartitum,
796 559 885 618 Arati
902 560 1125 638 phaenomena,

110 646 251 712 Ἰωάννου
278 655 331 711 τοῦ
359 649 467 710 Λυδοῦ
493 647 699 729 ααθημερινήυ
727 669 756 708 τε
782 645 833 708 καὶ
856 647 998 726 μηνιαίαν
1022 645 1125 726 ἐπιτή-

112 758 205 820 ρησιν.
251 741 354 799 Etiam
381 740 412 797 in
440 739 630 798 collectaneis
658 738 767 798 codicis
794 737 924 797 Parisiui
947 737 997 797 Gr.
1022 737 1124 813 suppl

113 832 207 907 607⁸,
227 847 305 905 quae
323 847 419 904 nuper
438 826 532 886 edidit
552 827 670 888 Maxim.
689 827 769 885 Treu
791 845 891 904 progr.
911 825 1018 886 Oblav.
1036 828 1124 886 1880

110 920 206 996 1445,
224 920 264 977 10
284 919 314 975 α
332 918 384 992 45,
400 918 450 992 24,
469 915 547 992 Lydi
566 916 666 992 capua
685 918 736 975 53.
757 917 798 976 54
818 918 848 974 α
867 916 918 974 44.
938 916 979 974 45
1003 915 1038 973 in
1055 914 1125 974 bre-

112 1009 180 1068 vius
205 1007 358 1065 contracta
380 1005 531 1082 leguntur.
568 1005 679 1062 mirum
692 1005 724 1062 in
738 1004 860 1063 modum
873 1006 1025 1080 postremo
1045 1003 1127 1080 Lydi

111 1096 223 1154 librum
250 1095 282 1152 in
309 1112 398 1152 usum
421 1112 509 1152 suum
533 1094 680 1152 convertit
703 1093 888 1170 Byzantinus
918 1092 1055 1170 quidam,
1085 1093 1123 1152 de

113 1204 172 1262 quo
196 1183 338 1242 Gaulmin
361 1182 400 1240 ad
417 1182 550 1240 Psellum
574 1181 610 1240 de
634 1185 746 1258 operat.
770 1182 904 1241 daemon.
930 1173 973 1262 (p.
990 1184 1054 1242 199
1075 1181 1125 1242 ed.

112 1264 309 1352 Boissonade)
342 1290 378 1328 ex
410 1270 509 1330 codice
539 1271 634 1348 Regio
663 1270 788 1330 adnotat
815 1271 919 1330 haece:
952 1269 1126 1348 σεισμοὺς

112 1364 237 1421 immittit
256 1351 377 1440 (Sotae)
401 1361 452 1418 sod
469 1377 526 1432 por
548 1356 716 1439 ἀγγέλους
740 1365 891 1437 σεισμῶν
913 1362 947 1418 at
969 1360 1127 1419 credebaut

112 1452 156 1508 illi
178 1450 306 1524 spdcroti
328 1465 399 1520 ηαοε
421 1450 500 1521 mapa·
527 1451 652 1522 quiaque
682 1466 742 1508 csse
772 1451 943 1522 opooscmtt,
968 1452 1058 1522 poto,
1088 1449 1125 1507 ob

113 1540 238 1612 quiaque
260 1541 412 1614 σεισμῶν
435 1535 526 1614 εἴδη,
550 1540 620 1610 quio
638 1542 707 1596 secat
730 1534 924 1596 ἐπινλινίαι
947 1527 1018 1616 (sict
1042 1537 1126 1596 idem

113 1646 195 1686 error
208 1626 240 1684 in
259 1626 396 1685 omnibus
414 1625 492 1702 Lydi
511 1625 662 1686 codicibus
682 1618 779 1707 extat)
798 1625 963 1705 βράσται,
982 1625 1133 1705 ῥηαταιγ

113 1714 261 1792 σεισταί,
285 1714 472 1792 ῖζηματίαι.
516 1715 676 1789 ostrolopas
695 1732 762 1774 msc.
780 1716 874 1788 ploro
897 1715 1032 1786 disserit;
1054 1716 1126 1774 inde

113 1810 139 1865 et
168 1805 310 1864 veteribus
341 1805 513 1872 Persarum,
555 1806 581 1862 σι’
612 1805 747 1863 ηοδυῑοηι·
781 1802 924 1862 Graeculo
956 1804 1127 1864 adhibenda

115 1897 188 1968 (ides
212 1897 265 1962 est,
289 1893 324 1953 οἷ
344 1892 450 1973 μάγοι
473 1897 540 1952 τῶν
564 1897 726 1971 σεισμῶν.

179 1982 291 2043 Contra
313 1982 413 2041 minus
436 1982 514 2059 Lydi
537 2000 612 2058 opus
636 1981 755 2058 probat,
786 1984 822 2040 ut
851 1984 897 2041 est
929 1981 1064 2040 severior
1093 1981 1128 2040 in

114 2070 312 2130 diiudicandis
343 2071 475 2147 scriptis,
507 2070 634 2129 Photius
666 2070 729 2130 cod.
761 2071 823 2129 180
850 2091 879 2146 p.
905 2071 1061 2130 125⁸·30
1081 2089 1126 2148 sq.

113 2160 240 2218 Bekker.
269 2155 502 2237 ἀνεγνώσθησαν
526 2151 667 2218 Ἰωάννου
694 2158 881 2237 Λαυρεντίου
914 2155 1127 2236 claritateac

114 2256 167 2307 τοῦ
186 2245 295 2306 Λυδοῦ
313 2251 506 2326 πραγματεῖαι
519 2251 608 2328 τρεῖς·
632 2244 698 2327 περὶ
717 2245 904 2326 διοσημειῶν,
926 2244 994 2327 περὶ
1008 2256 1125 2325 μηνῶν,

113 2334 179 2415 περὶ
211 2333 308 2416 ἀρχῶν
334 2339 500 2395 πολιτικῶν.
546 2329 608 2394 ἀλλ’
637 2331 657 2412 η
685 2332 739 2414 μὲν
764 2335 835 2417 περὶ
863 2336 1041 2414 διοσημειῶν
1071 2335 1128 2397 ὅσα

114 2447 145 2506 γε
159 2420 230 2485 ποτ’
252 2422 327 2503 ἐμὴν
349 2424 446 2505 κρίσιν
473 2423 522 2484 καὶ
549 2429 654 2505 πεῖραν
678 2421 767 2483 οὐδὲν
790 2421 810 2503 ἢ
834 2419 878 2484 ἐπ’
901 2421 1000 2505 ὀλίγον
1024 2423 1127 2502 διενή-

113 2535 180 2591 νοχε
213 2512 329 2591 μύθων.
384 2533 481 2589 neque
514 2514 688 2573 clementior
721 2517 767 2572 est
794 2533 961 2591 anonymus
1000 2514 1127 2591 quidam

114 2602 327 2680 grammaticus
355 2602 553 2681 Byzantinus,
582 2603 634 2678 qui
661 2601 768 2663 Alexio
797 2601 947 2662 Oomneno
975 2606 1125 2680 regnante

113 2691 197 2751 vixit.
248 2691 274 2748 is
302 2691 397 2750 amico
426 2691 546 2750 cuidam
572 2691 615 2751 ita
645 2691 751 2750 scribit
780 2711 826 2768 ap.
844 2689 989 2752 ¹Cramer.
1020 2692 1124 2752 anecd.

115 2779 206 2840 Oxou.
230 2779 278 2837 ΙΙΙ
299 2801 328 2855 p.
345 2781 407 2839 187
431 2800 457 2839 v.
478 2782 565 2857 4sq.:
588 2783 652 2851 ταῖς
670 2779 778 2839 Λυδοῦ
802 2779 967 2858 μαντείαις,
990 2776 1025 2850 δὶς
1049 2777 1126 2840 ἐκεῖ·

114 2891 167 2940 νος
190 2865 222 2927 ἔκ
245 2889 273 2927 τε
294 2867 445 2945 Φοντηίου
469 2863 545 2948 (cod.
565 2861 700 2950 φώντου)
719 2866 769 2927 καὶ
790 2868 940 2947 Φιγούλου
964 2860 1042 2950 (cod.
1065 2892 1128 2946 φη-

113 2949 237 3038 γούλου)
261 2954 310 3016 καὶ
339 2957 392 3017 τοῦ
421 2954 684 3036 μυθολογουμὲνου
711 2955 790 3037 παρὰ
814 2953 965 3035 Ῥωμαίοις
990 2956 1127 3037 Τάγητος

114 3044 292 3126 συναγήοχε,
322 3043 362 3122 μὴ
393 3045 472 3104 πάνυ
500 3067 527 3105 τι
552 3045 685 3126 πρόσεχε·
714 3044 900 3126 τερατολόγος
928 3043 983 3125 γὰρ
1007 3041 1023 3104 δ
1047 3043 1127 3126 ἀνὴρ

115 3129 202 3206 οὗτος
228 3132 278 3193 καὶ
304 3132 511 3215 πολυφόρητος
536 3182 541 3193 .
562 3178 594 3194 ..
622 3133 672 3194 καὶ
703 3134 760 3214 εἴγε
789 3135 935 3205 πιστεύεις
958 3138 997 3217 τῷ
1027 3135 1127 3219 Λυδῷ

112 3219 248 3308 Ἰωάννη,
272 3221 345 3302 πρὸς
369 3221 404 3282 cdi
426 3221 546 3287 ἐκείνου,
566 3239 597 3283 σε
619 3221 760 3302 πέμποιμι
783 3222 982 3304 βροντολόγια.

181 3312 288 3373 Restat
311 3316 347 3372 ut
364 3332 462 3389 pauca
480 3313 589 3371 addam
608 3313 644 3371 de
663 3313 875 3389 ultimaparte
894 3313 964 3371 libri
983 3312 1125 3391 Lydiani,

116 3403 156 3459 do
179 3402 386 3461 calendario
410 3402 529 3461 Clodii
553 3402 666 3460 Tusci.

182 3489 318 3550 Olodium
343 3491 475 3550 Tuscum
497 3492 581 3550 nullo
605 3491 670 3550 iure
693 3490 807 3549 Merkel
836 3491 950 3568 proleg.
975 3490 1013 3549 ad
1037 3489 1125 3552 Ovid.

98 3578 183 3637 last.
206 3600 235 3654 p.
250 3579 346 3637 LXVI
369 3579 522 3646 contendit
546 3581 677 3639 Tuscum
701 3598 777 3657 esse,
806 3580 841 3639 de
866 3580 950 3639 ouius
973 3580 1125 3656 poematis
