2490 4124
99 223 106 234 ’
159 245 222 310 102
488 244 577 299 mn
594 244 642 299 οε
662 244 836 300 οευοαεω

120 411 322 493 Βσημαίνει·
345 409 375 472 εί
398 405 435 473 δὲ
459 408 641 496 διαφθείρῃ
664 416 724 473 τοῦ
749 412 879 493 τείχους
900 407 1000 495 μέρος
1022 428 1168 495 τι,.σκο-

155 514 288 599 πητέον,
310 517 392 580 κατά
413 518 513 581 ποίου
536 516 628 592 τινὸς
650 515 772 602 μέρους
789 514 844 580 καλ
862 517 946 602 πρὸς
963 527 1063 582 ποῖον
1082 517 1167 601 ἀφο-

156 632 283 709 ρῶντος
304 620 445 709 κέντρον
466 623 504 687 τὸ
528 632 586 706 τής
609 624 826 705 διοσημασίας
848 621 993 706 γένοιτο·
1025 621 1059 700 ἐξ
1083 623 1166 688 ε’κεί-
1208 640 1212 647 ·

152 753 218 794 νου
250 730 313 816 γάρ
344 730 475 806 πάντως
506 738 566 794 τοῦ
597 733 754 814 κλίματος
780 734 961 814 πολεμίους
988 728 1167 814 ἀναμένειν

152 836 208 904 ,δεῖ
225 838 308 901 κατὰ
325 845 386 901 τοῦ
404 840 542 922 τείχους.
579 838 609 901 εί
628 833 665 901 δὲ
682 834 759 901 καθ’
779 838 871 923 ίεροῦ
890 834 973 923 πέση
992 839 1165 922 κεραυνός,
1195 858 1208 900 ε

103 953 262 1020 178Ατοῖς
294 941 443 1020 ἐνδόξοις
469 951 530 1008 τοῦ
557 944 795 1026 πολιτεύματος
822 941 877 1007 καί
904 954 975 1020 τοῖς
1000 941 1076 1029 περὶ
1103 946 1166 1028 τήν

155 1052 329 1132 βασιλείαν
366 1049 472 1133 αὐλήν
508 1049 526 1114 ὁ
558 1049 717 1126 κίνδυνος
749 1049 914 1133 ε’νσκήψει.
960 1052 989 1115 εί
1022 1046 1059 1114 δὲ
1090 1049 1160 1114 κατ’

155 1155 353 1241 ἀγαλμάτων
384 1161 582 1242 κατενεχθῇ,
613 1159 765 1232 ποικίλας
791 1154 847 1221 καὶ
876 1156 1080 1240 ἐπαλλήλους
1108 1159 1166 1234 τάς

156 1265 331 1349 συμφοράς
353 1272 423 1340 τοῖς
444 1263 635 1348 πράγμασιν
658 1261 797 1327 ἀπειλεῖ·
826 1265 855 1328 εί
877 1265 940 1348 γάρ
964 1274 1166 1349 χαρακτῆρες

155 1371 255 1435 ἰδεῶν
286 1379 389 1434 τινῶν
420 1367 475 1433 καί
507 1372 628 1452 κόσμια
653 1371 784 1433 πόλεων
811 1371 851 1434 τά
879 1368 1048 1454 άγάλματα
1075 1371 1165 1436 ὑπω-
1179 1397 1206 1437 ιο

109 1564 110 1568 ¹
153 1477 282 1558 πτεύθη
311 1485 394 1553 τοῖς
420 1480 618 1559 παλαιοῖς,
648 1474 712 1561 άρδι
739 1487 809 1553 τοῖς
830 1478 1021 1562 πράγμασιν
1043 1475 1063 1559 ἡ
1088 1476 1165 1563 περὶ

155 1582 238 1647 αὐτά
259 1583 365 1669 ὕβρις.
429 1659 432 1666 Ι

119 1693 143 1746 Β
219 1689 272 1756 48.
288 1687 424 1766 Ἥλιος
442 1688 527 1774 <έν>
545 1690 681 1777 ταύρω.
720 1689 778 1754 ε’διν
800 1690 962 1775 κεραυνὸς
980 1697 1164 1777 κατενεχθῇ

154 1797 208 1863 ε’πί
238 1799 456 1884 καρποφόρον
489 1796 646 1882 δένδρον,
679 1797 861 1883 εὐκαρπίαν
888 1807 958 1874 τοῖς
984 1796 1053 1862 κατ’
1082 1798 1163 1863 αὐτὸ

153 1914 293 1992 καρποῖς
320 1908 485 1988 σημαίνει·
521 1911 567 1992 τηῖ
595 1900 632 1969 δὲ
660 1903 748 1987 γένει
775 1914 843 1968 τῶν
869 1905 960 1987 βοῶν
989 1901 1218 1987 ε’πιβλαβὲςειι

153 2013 190 2076 τὸ
220 2022 357 2096 σημεῖον
383 2020 491 2076 τοῦτο.
537 2012 567 2075 εί
595 2007 633 2075 δέ
660 2008 713 2075 ἐπὶ
735 2010 885 2094 ποταμὸν
906 2016 1118 2094 κατενεχθείη
1144 2011 1203 2078 διε

152 2121 329 2203 κεραυνός,
357 2115 510 2200 λοιμώξει
538 2117 575 2180 τὸ
598 2117 690 2202 ὕδωρ
714 2114 769 2181 καί
792 2118 913 2202 τρόμος
936 2116 1163 2201 ἐπιγενήσεται

152 2235 223 2302 τοῖς
249 2226 377 2308 σώμασι
401 2235 468 2287 τῶν
491 2223 696 2309 ἀνθρώπων,
724 2223 891 2309 ἀνατροπὴ
916 2220 952 2288 δέ
974 2234 1042 2287 τῶν
1064 2246 1164 2288 ποτα-

152 2334 239 2414 μίων
271 2332 402 2414 ἰχθύων
433 2333 614 2414 γενήσεται.
665 2331 695 2394 εί
727 2326 764 2394 δὲ
796 2331 843 2406 είς
874 2331 1050 2395 θάλασσαν
1080 2333 1164 2395 κατά

152 2438 229 2501 τόδε
252 2445 370 2522 καιροῦ
393 2440 605 2520 κατενεχθείη
630 2435 648 2502 ὁ
671 2439 847 2520 κεραυνός,
876 2435 987 2520 ἀγαθά
1011 2442 1163 2521 σημαίνει
1178 2465 1203 2504 ιο

152 2553 223 2619 τοῖς
249 2544 504 2629 πλησιοχώροις·
536 2544 568 2608 ολ
596 2545 659 2630 γάρ
686 2544 936 2629 πειρατεύοντες
959 2548 1057 2630 χείρω
1081 2546 1163 2630 πρά-

43 2656 48 2663 “
122 2647 277 2727 Οξουσιν.
315 2650 344 2712 εί
367 2646 404 2714 δὲ
428 2639 487 2714 ἐπί
503 2653 632 2733 τείχους
654 2654 878 2734 κατενεχθείη,
902 2650 942 2714 οὐ
966 2652 1069 2715 καλὸν
1092 2660 1163 2728 τοῖς

151 2758 372 2850 βοσκήμασιν·
403 2755 424 2839 ή
453 2758 515 2842 γδιρ
544 2757 835 2842 διαφθαρήσονται
863 2756 883 2841 ή
906 2757 972 2821 ὑπὸ
995 2762 1163 2841 πολεμίων

153 2865 444 2950 διαρπαγήσονται.
482 2865 511 2928 εί
535 2859 572 2926 δὲ
595 2861 649 2928 καί
672 2862 772 2949 μέρος
794 2873 854 2928 τοῦ
873 2865 1003 2949 τείχους
1020 2873 1059 2949 τη
1077 2866 1162 2949 βολή

151 2980 212 3036 τοῦ
240 2979 405 3056 κεραυνοῦ
434 2973 679 3055 καταφθαρείη,
707 2981 778 3046 ταῖς
801 2981 918 3055 νομαῖς
941 2981 1008 3035 τῶν
1030 2975 1163 3057 χωρίων
1177 2996 1203 3035 25

152 3081 243 3143 ἔσται
275 3078 390 3161 λοιμὸς
422 3075 476 3140 καί
509 3077 632 3159 ἔφοδος
663 3080 831 3160 πολεμίων
863 3076 925 3141 οὐκ
953 3077 1088 3163 εὐχερής
1116 3080 1164 3154 είς

152 3185 296 3269 άμυναν,
329 3183 384 3248 καὶ
415 3185 510 3248 άλλαι
539 3181 579 3246 δέ
604 3206 692 3260 τινες
718 3184 840 3265 βλάβαι
867 3185 971 3269 κάρτα
999 3184 1163 3270 σφαλεραλ

151 3293 446 3377 προσγενήσονται.
493 3292 522 3355 εί
555 3286 592 3354 δέ
618 3291 700 3354 κατὰ
727 3290 787 3354 τὸν
814 3290 932 3376 καιρὸν
959 3299 1080 3355 τοῦτον
1109 3289 1163 3355 ἐπί

224 3484 296 3539 1-5
316 3485 350 3539 cf.
369 3483 471 3539 Miiller
488 3484 597 3564 Εῖνυεο.
615 3483 642 3536 Π
659 3501 686 3552 p.
703 3487 753 3537 165
776 3482 822 3606 ήί
843 3483 932 3552 αὐλὴν
951 3499 1019 3537 corr.
1039 3483 1162 3538 Hercher

151 3570 202 3623 pro
211 3555 335 3681 Ἃοιίτήνχή
346 3555 384 3610 10
404 3555 501 3611 είδεῶν
519 3555 598 3610 hbn:
618 3570 685 3608 corr.
705 3553 778 3608 Herc
798 3569 828 3607 er
841 3556 850 3622 ΙΙ
865 3553 902 3607 13
921 3553 1105 3646 κατενεχθείη
1121 3556 1163 3628 Vh!

150 3623 190 3679 14
209 3645 226 3692 η
247 3625 291 3679 ἐπί
337 3626 436 3696 L1121
458 3627 490 3681 οὐ
509 3623 746 3697 χειρωπράξουσιν
766 3623 861 3694 01124
879 3627 964 3698 βουλη
986 3626 1008 3680 O
