2490 4124
157 249 221 315 110
487 250 575 306 LYDI
591 250 640 304 DE
660 249 834 305 OSTENTIS

153 415 261 505 μόνον
284 410 380 478 αὐτοὶ
402 410 479 478 καθ’
506 410 644 490 ἑαυτοὺς
667 414 700 478 οἱ
724 410 854 496 σεισμοὶ
878 413 1063 494 βλάπτουσι
1086 415 1166 490 τοὺς

153 516 231 584 καθ’
259 514 307 584 ὧν
335 521 596 602 συμβαίνουσιν,
629 517 712 582 ἀλλὰ
738 519 804 602 μήν
831 516 886 583 καὶ
913 519 1024 582 ἄλλων
1049 521 1165 606 πόρρω
1203 559 1211 579 .

124 633 220 691 Οπου
247 628 337 713 τόπῷ
365 649 400 690 τε
426 623 482 689 καὶ
508 627 618 712 χρόνῳ
642 623 864 712 μεριζομένων
886 628 1038 707 γίνονται
1060 649 1165 708 μήνυ-

153 730 208 796 ταὶ
235 731 275 796 οὐ
302 735 447 817 μετρίων
473 741 592 795 κακῶν.
639 730 690 795 ὅτι
719 726 756 795 δὲ
783 731 870 796 οὕτω
893 728 949 795 καὶ
972 731 1033 794 οὐκ
1056 732 1166 808 ἄλλως

153 839 215 922 τήν
241 839 388 924 τυχηρῶν
411 837 429 902 ὁ
452 835 529 923 περὶ
552 837 663 902 αὐτῶν
685 839 785 919 λόγος
808 835 962 921 φεύξεται
986 838 1165 921 σύμβασιν,
1190 864 1202 905 τ

154 944 190 1010 ἐκ
212 954 279 1009 τῶν
300 943 529 1028 ὑποκειμένων
551 954 676 1027 γνῶναι
701 944 855 1008 δυνατόν.
893 943 992 1020 αὐτὸς
1015 945 1078 1029 γὰρ
1097 947 1165 1007 Βι-

153 1050 311 1128 κίλλιος
339 1050 356 1116 ὁ
382 1049 537 1134 Ῥωμαῖος
565 1049 600 1116 ἐκ
628 1060 696 1115 τῶν
727 1051 899 1134 Τοίγήτος
926 1054 1048 1134 στίχων
1074 1047 1165 1136 (περὶ

155 1153 196 1223 οὗ
228 1156 283 1223 καὶ
311 1156 543 1241 Ἀπουλήιος
573 1158 716 1243 ὕστερον
746 1162 862 1222 πλατεῖ
893 1155 948 1221 καὶ
980 1156 1164 1243 ἐλευθέρου
1176 1185 1211 1226 ιιι

154 1264 257 1341 ποδὸς
285 1264 479 1348 ἀφηγήσατο
507 1261 610 1352 λόγῳ)
639 1272 742 1328 ταῦτα
771 1263 914 1349 ῥήμασιν
941 1263 1054 1340 αὐτοῖς
1081 1263 1159 1328 καθ’

155 1369 332 1456 ἑρμηνείαν
355 1374 467 1454 φησίν.
1177 1399 1202 1440 ιο

388 1528 579 1594 VIOELLII
602 1528 928 1595 SEISMOLOGIVM

119 1664 144 1718 D
221 1652 273 1719 55.
303 1651 437 1730 Ἥλιος
469 1653 511 1719 ἐν
542 1662 647 1741 κριῷ.
693 1653 751 1719 ε’διν
783 1650 916 1737 γίνηται
947 1655 1081 1738 σεισμὸς
1110 1654 1163 1721 ἐπὶ

153 1757 215 1844 μὲν
237 1770 294 1844 τής
313 1758 434 1845 Ἀσίας,
456 1761 559 1825 κακὸν
581 1769 621 1846 τή
640 1764 752 1846 Συρία
774 1770 813 1846 τῇ
836 1764 931 1846 κοίλῃ
954 1758 1010 1824 καὶ
1032 1770 1072 1846 τή
1092 1766 1162 1827 Πα-

153 1871 304 1954 λαιστίνῃ
327 1864 382 1932 καὶ
405 1877 443 1954 τή
462 1865 610 1953 Ἰουδαίᾳ
633 1867 769 1950 ἀπειλεῖ,
793 1865 846 1931 ἐπὶ
865 1863 902 1930 δὲ
921 1875 978 1950 τῆς
996 1867 1162 1954 Εὐρώπης

101 1978 412 2061 ΙνῶλΒρεταννίαις,
436 1976 623 2057 Γαλατίαις,
643 1976 853 2059 Γερμανίαις,
872 1973 1091 2059 Βαστιίρναις.
1129 1977 1161 2040 οἱ
1175 2001 1200 2042 ω

152 2077 189 2146 δὲ
216 2084 364 2163 βασιλεῖς
392 2080 648 2167 στρατεύσονται
675 2081 757 2144 κατὰ
784 2090 852 2144 τῶν
876 2083 1057 2164 πολεμίων,
1086 2080 1157 2145 ἀλλ’

152 2189 214 2253 οὐκ
237 2187 395 2271 εὐτυχῶς·
419 2184 673 2251 ἐλαττωθέντων
695 2187 758 2272 γδιρ
782 2186 894 2263 αὐτοῖς
917 2197 984 2250 τῶν
1006 2203 1161 2272 στρατευ-

151 2296 263 2379 μάτων
300 2294 332 2358 ol
365 2290 541 2378 στρατηγοὶ
573 2294 732 2378 ἄπρακτοι
764 2291 986 2371 ἀναζεύξουσι.
1037 2297 1162 2358 πλείων

152 2398 189 2466 δὲ
205 2404 303 2465 ,ἔσται
327 2397 380 2463 ἐπὶ
402 2408 459 2483 τής
482 2399 643 2482 ἀνατολῆς
665 2398 685 2483 ή
707 2409 774 2463 τῶν
793 2399 927 2484 ἀνδρῶν
944 2399 1051 2483 βλόβή
1070 2403 1160 2487 παρὰ

152 2509 209 2583 τὰς
232 2515 402 2589 γυναῖκας,
426 2504 477 2569 ότι
500 2506 601 2591 ἄρρεν
625 2503 745 2592 ζῷδιον
768 2505 786 2570 ὁ
810 2508 911 2592 κριός.
1174 2537 1201 2576 20

222 2623 335 2699 δτόπῷ
352 2645 382 2680 τε
401 2626 450 2680 καὶ
468 2623 558 2699 χρόνῳ
576 2627 615 2695 L,
638 2623 748 2696 τρόπων
766 2646 796 2681 τε
815 2627 863 2681 καὶ
881 2625 989 2697 χρόνων
1008 2628 1045 2696 Ρ,
1067 2626 1161 2683 τόπων

151 2717 180 2752 τε
199 2698 248 2751 καλ
265 2695 374 2767 χρόνων
393 2696 478 2751 ceteri
494 2699 498 2765 1
514 2699 580 2751 ante
599 2695 725 2768 γίνονται
743 2697 807 2752 add.
827 2707 922 2752 κακῶν
941 2701 970 2752 et
988 2717 1041 2753 om.
1060 2702 1160 2768 postea

152 2770 185 2824 οό
209 2771 327 2838 μετρίων
349 2776 443 2822 κακῶν
462 2768 490 2822 L
511 2772 520 2838 11
542 2766 561 2822 4
584 2767 712 2840 μετρίων]
736 2778 842 2839 μικρῶν
859 2771 887 2823 Α
909 2772 919 2839 11
941 2773 958 2824 ὃ
983 2770 1072 2839 αὐτὴν
1092 2771 1160 2839 ΑΡ,

151 2841 238 2896 αότδν
256 2840 283 2893 L
305 2841 314 2908 11
339 2839 353 2892 7
379 2836 498 2912 βικέλιος
514 2840 585 2906 AP,
610 2838 749 2912 βεκέλλιος
766 2841 793 2894 L
815 2843 825 2910 11
847 2841 866 2895 8
885 2842 951 2894 ante
969 2845 1070 2895 πλατεῖ
1085 2841 1116 2894 in
1134 2843 1164 2896 P

152 2911 275 2982 spatium
295 2917 309 2963 7
328 2909 383 2964 litt.
402 2912 405 2981 Ι
422 2907 560 2984 ἐλευθέρῳ
578 2911 697 2966 AOLP
708 2911 749 2982 119
767 2912 854 2974 ποδὸς
871 2911 1031 2980 transponit
1050 2913 1076 2966 L
1093 2915 1160 2983 post

53 3022 56 3032 .
150 2988 249 3038 πλατεῖ
267 2983 304 3051 181
320 2984 324 3052 1
339 2978 425 3046 πόδες
444 2981 485 3051 01
501 2981 683 3052 ἀφηγήσαντο
703 2981 757 3036 ΟΡ
772 2984 781 3052 11
800 2983 838 3037 10
855 2984 942 3052 φασὶν
961 2981 1161 3054 Ρ1111ήλιος

151 3054 303 3124 -σεισμδς
337 3050 417 3123 ήλίου
441 3052 471 3106 ἐν
493 3057 532 3125 τῷ
551 3058 626 3126 κριῷ.
664 3051 770 3108 ὁπόταν
792 3052 868 3122 ἡλίου
887 3053 967 3116 ὄντος
986 3054 1017 3109 ἐν
1033 3059 1072 3126 τῷ
1091 3061 1160 3128 κριῷ

151 3126 260 3197 σεισμὸς
277 3143 392 3196 γενηται
405 3125 440 3188 A,
460 3121 567 3179 ὁπόταν
584 3122 665 3193 ήλίον
684 3123 764 3186 όντος
782 3124 812 3179 ἐν
829 3130 896 3198 κριῷ
912 3125 1021 3194 σεισμός
1035 3125 1159 3196 γένηται.

150 3197 227 3268 ἥλιος
245 3201 313 3270 κριῷ
331 3196 405 3250 rubr.
425 3197 454 3249 P
474 3198 478 3267 1
501 3195 532 3250 ἐν
550 3198 616 3249 ante
635 3201 703 3269 κριῷ
722 3196 786 3250 εδδ.
807 3196 833 3249 L
851 3199 881 3251 et
900 3195 940 3250 sic
958 3212 1067 3265 semper
1088 3199 1098 3266 11
1122 3197 1160 3251 13

150 3278 183 3341 τή
202 3267 281 3340 κοίλῃ
300 3269 392 3343 Συρίμ
411 3267 447 3335 A,
465 3275 499 3339 τή
518 3264 610 3342 κοιλίμ
628 3269 719 3341 Συρίᾳ
738 3269 767 3321 Ρ
784 3270 793 3338 11
814 3267 851 3321 15
871 3265 1012 3340 βρετανία,
1031 3271 1160 3337 γαλατία,

150 3342 199 3394 καὶ
218 3337 367 3413 βαστέρνα,
386 3336 522 3410 γερμανία
540 3337 778 3408 111Βαστοίρναις
797 3355 864 3393 corr.
884 3339 918 3393 H.
938 3338 999 3393 coll.
1019 3357 1046 3407 p.
1067 3344 1160 3408 58,18

151 3412 196 3534 ξολ.
225 3411 342 3466 Ptolem.
370 3410 496 3479 δόντων),
525 3408 706 3482 βασταρνίαις
728 3410 798 3479 AP,
826 3407 989 3483 βαστέρναις
1013 3410 1066 3465 GR
1089 3412 1098 3480 11
1122 3410 1159 3464 18

111 3480 119 3495 “
165 3483 368 3548 παναζεόξουσι
386 3483 413 3536 L
434 3484 438 3553 1
457 3486 554 3536 πλεῖον
573 3482 600 3535 L
622 3484 631 3552 11
655 3481 692 3536 19
713 3480 788 3535 ἔσται
807 3498 859 3536 om.
879 3482 914 3549 A,
934 3481 1050 3535 ἔσεσθαι
1068 3482 1096 3534 L
1115 3481 1119 3552 1
1141 3482 1158 3549 ἡ

151 3555 218 3624 τῶν]
238 3553 278 3608 sic
296 3555 330 3623 L,
350 3552 412 3607 κατ’
434 3551 519 3606 ceteri
542 3556 546 3622 1
570 3552 658 3625 βλαβὴ
677 3552 695 3622 ἣ
713 3550 837 3623 γυναίων
855 3554 883 3609 R
905 3555 909 3624 1
931 3551 1021 3624 παρὰ]
1040 3552 1087 3607 ἐπὶ
1104 3553 1132 3605 L
1149 3552 1160 3625 11

152 3622 190 3678 20
207 3627 273 3692 post
290 3624 367 3694 κριὸς
385 3623 449 3678 add.
469 3622 525 3677 ἐστὶ
543 3624 570 3677 L
