2490 4124
184 233 248 297 188
546 232 831 289 PSEVDO-Gssmml

183 400 270 480 λειν,
293 394 349 460 καὶ
372 395 483 483 ὠρίων
506 398 601 462 δύνει
624 408 790 483 φανερῶς·
814 399 973 481 χειμαίνει
991 395 1052 484 (=
1067 399 1097 464 δ
1114 401 1143 464 1.
1158 423 1197 465 m.

182 499 393 590 Decembris).

250 607 288 672 ἐν
310 604 348 673 δὲ
367 619 407 695 τῇ
426 613 447 693 r}
465 608 626 697 Εὐδόξῳ
646 608 758 695 ὡρίων
776 607 857 696 ἑῷος
876 609 970 674 δύνει
990 607 1050 695 (=
1065 611 1095 676 <i
1111 613 1143 677 2.
1158 635 1198 678 m.

181 712 392 802 Decembris).

248 820 286 887 ἐν
310 818 347 886 δὲ
370 831 409 906 τῇ
433 834 456 898 ῖΓ
472 821 699 905 Εὐκτήμονι
723 831 783 886 τοῦ
807 824 969 908 σκορπίον
993 823 1030 887 τὸ
1056 823 1199 911 κέντρον
1217 848 1232 888 ι

147 925 342 993 Βέπιτέλλει
366 926 423 1014 (=
438 927 467 992 d.
486 928 515 992 4.
529 951 570 992 m.
588 925 798 1015 Decembris).

248 1032 287 1098 ἐν
309 1031 347 1098 δέ
370 1044 408 1120 τῇ
433 1020 470 1118 ib
493 1033 656 1122 Εὐδόξῳ
679 1037 771 1099 κύων
794 1032 876 1122 ἑῷος
899 1035 1009 1120 δύνει,
1032 1041 1198 1122 χειμαίνει

184 1138 241 1227 (=
257 1140 286 1205 d.
306 1141 335 1204 6.
349 1164 391 1206 m.
409 1138 619 1228 Decembris).

249 1246 287 1311 έν
311 1243 347 1310 δὲ
366 1257 405 1332 τῇ
422 1233 459 1311 ἷδ
477 1246 639 1335 Εὐδόξῳ
657 1247 755 1324 ὑετός
768 1245 825 1334 (=
840 1247 869 1312 d.
884 1248 913 1312 8.
926 1271 968 1312 m.
982 1247 1197 1337 Decembris).

249 1351 286 1416 ἐν
314 1349 351 1416 δέ
379 1363 418 1438 τῇ
442 1357 472 1417 ιἐ“
503 1353 727 1437 Εὐκτήμονι
761 1353 856 1431 ἀετὸς
888 1353 1065 1440 ἐπιτέλλει,
1097 1360 1196 1435 νότος
1209 1380 1231 1418 ιο

183 1468 261 1522 πνεῖ
284 1456 341 1544 (=
356 1458 385 1524 d.
404 1459 433 1523 9.
447 1482 488 1523 m.
506 1458 717 1547 Decembris).

250 1563 288 1628 ἐν
307 1561 344 1628 δὲ
363 1574 402 1651 τῇ
419 1567 456 1638 ss
473 1570 707 1654 Δημοκρίτῳ
726 1566 820 1644 ἀετὸς
839 1565 999 1633 ἐπιτέλλει
1019 1570 1087 1652 ἅμα
1102 1570 1197 1658 ῇλίῳ,

183 1669 238 1736 καὶ
261 1670 492 1756 ἐπισημαίνειν
515 1677 607 1755 ῳιλεί
629 1675 753 1758 βροντῇ
776 1671 831 1738 καί
855 1673 1003 1760 ἀστραπῇ
1022 1674 1079 1740 καλ
1096 1676 1196 1741 ὕδατι

151 1776 203 1860 C)
236 1776 345 1865 ἀνέμῳ
377 1777 397 1861 ἣ
430 1778 601 1865 ἀμφότερα
633 1779 678 1855 ὡς
710 1777 763 1843 ἐπὶ
795 1781 835 1843 τδι
865 1782 979 1844 πολλοί.
1030 1782 1195 1871 Εὐδόξῳ

181 1886 274 1950 κύων
301 1885 486 1970 ἀκρόνυχος
512 1883 687 1969 ἐπιτέλλει,
716 1885 767 1949 ὅτι
786 1889 976 1974 Καλίππῳ
1001 1888 1033 1951 ολ
1058 1890 1195 1974 δίδυμοι
1209 1908 1233 1948 15

181 1995 312 2075 μετίασι
336 1992 508 2075 δυόμενοι·
538 1996 633 2056 νοτία
655 1989 712 2078 (=
728 1991 756 2056 d.
778 1992 827 2056 10.
842 2015 882 2057 m.
901 1990 1115 2083 Decembris).

248 2096 287 2162 ἐν
309 2094 346 2162 δὲ
369 2108 407 2183 τῇ
430 2105 469 2162 ιδ
492 2099 734 2183 Εὐκτήμονι,
763 2097 956 2186 Εὐδόξῳ*
973 2101 1068 2165 δύνει
1090 2100 1148 2187 (=
1169 2105 1198 2167 d·

186 2204 236 2269 13.
250 2227 291 2268 m.
309 2202 519 2291 Decembris).

250 2309 287 2374 ἐν
311 2307 348 2374 δὲ
370 2320 409 2396 τῇ
431 2313 476 2375 κα
503 2308 663 2399 Εὐδόξῳ
693 2315 851 2397 σκορπίος
874 2309 955 2400 ἑῷος
979 2313 1102 2400 <όλος>
1129 2316 1196 2382 ἐπι-

183 2415 289 2480 τέλλει
313 2415 368 2480 καλ
391 2420 551 2500 χειμαίνει
575 2413 632 2503 (=
647 2419 675 2482 d.
696 2417 746 2482 15.
760 2442 801 2482 m.
819 2417 1030 2505 Decembris).
1207 2441 1231 2481 m

251 2521 288 2585 ε’ν
311 2519 348 2586 δέ
372 2532 410 2608 τῇ
433 2527 478 2605 ἦ
500 2521 662 2612 Εὐδόξῳ
686 2522 737 2601 αἲξ
762 2522 827 2612 ἑῴα
850 2526 945 2589 δύνει
969 2524 1027 2612 (=
1042 2527 1071 2592 d.
1089 2530 1141 2594 17.
1156 2554 1197 2595 m.

182 2626 392 2715 Decembris).

252 2731 289 2797 ἐν
316 2730 353 2797 δὲ
376 2745 414 2820 τῇ
436 2738 478 2808 κ“ς
505 2734 666 2824 Εὐδόξῳ
690 2736 784 2813 ἀετὸς
808 2735 889 2825 έῳος
913 2737 1073 2818 ἐπιτέλλει
1093 2741 1197 2828 (τό

183 2839 236 2905 20.
250 2863 291 2904 m.
310 2838 519 2928 Decembris).

254 3034 271 3086 1
292 3033 372 3088 δύνει
394 3049 444 3102 pro
468 3033 566 3087 δύνειν
589 3050 657 3088 cerr.
681 3034 794 3087 Boeckh
818 3034 835 3090 l.
860 3052 880 3087 s.
905 3052 931 3103 p.
951 3035 1016 3088 XIII
1040 3040 1044 3106 Ι
1071 3041 1198 3109 φανερὸς

182 3103 255 3159 coni.
274 3103 409 3158 Menitius
432 3106 441 3173 ΙΙ
465 3103 502 3157 13
522 3106 623 3176 βροντῇ
643 3107 672 3157 et
691 3106 819 3176 ἀστραπῇ
839 3105 936 3174 scripsi
954 3123 1005 3175 pro
1025 3110 1150 3180 βροντὴν
1169 3116 1198 3166 eb

181 3175 328 3245 ἀστραπὴν
347 3175 409 3230 coll.
428 3174 546 3230 Ptolem.
566 3175 673 3230 calend.
694 3177 731 3229 ed
745 3183 787 3230 26.
802 3175 924 3245 Mesori)
946 3179 994 3231 nal
1013 3182 1081 3233 ante
1100 3179 1197 3255 ὐδατι]

183 3247 234 3302 οὐν
253 3246 323 3302 coni.
343 3246 446 3301 Helme.
459 3249 468 3317 ΙΙ
483 3246 520 3300 15
539 3244 660 3316 ἀκρόνυξ
676 3248 868 3316 V¹WPetcc3
889 3263 923 3300 ea
941 3247 1032 3303 ferma
1046 3249 1197 3308 Eudoxum

181 3334 265 3371 usum
283 3334 344 3371 esse
362 3320 446 3387 putat
463 3317 576 3372 Boeckh
595 3317 613 3371 l.
633 3336 653 3372 s.
673 3336 699 3387 p.
715 3324 765 3372 212
782 3321 786 3389 Ῑ
804 3321 868 3372 anre
887 3316 930 3372 ότι
949 3319 1012 3374 cdd.
1032 3323 1083 3376 καὶ
1100 3325 1195 3397 vulg.)

183 3386 237 3460 ότι]
257 3387 349 3444 νοτία·
369 3389 414 3443 vel
433 3387 523 3444 ὐετία·
545 3389 615 3443 coni.
635 3389 737 3458 Unger,
757 3389 797 3443 ἐτι
812 3389 915 3443 Helma
928 3393 936 3460 ΙΙ
951 3391 988 3443 16
1008 3391 1131 3466 μετίωσι]
1151 3415 1196 3465 με·

183 3467 262 3513 σοῦοι
276 3459 347 3515 coni.
363 3459 498 3514 Manitius
536 3461 616 3515 νότια
629 3460 854 3515 V¹V²WPetac
869 3463 877 3529 ΙΙ
892 3461 928 3515 17
945 3461 1074 3535 Εὐδόξω]
1086 3482 1141 3521 om.
1153 3468 1193 3522 W

182 3527 230 3650 ῳῖξ
250 3530 394 3654 ἑῴαῖορῳί.
412 3532 502 3585 Ponte
524 3547 570 3584 ere
590 3531 607 3586 l.
628 3549 648 3584 s.
667 3549 694 3599 p.
713 3538 762 3587 217
784 3534 793 3600 ΙΙ
815 3532 851 3585 19
871 3531 933 3594 όλος
952 3533 1014 3588 add.
1034 3512 1198 3592 Pontedersi

196 3617 241 3654 .s.
260 3619 287 3670 p.
325 3610 340 3656 0
