2490 4124
72 235 117 302 84
253 270 258 277 ·
403 238 491 294 LYDI
507 237 556 292 DE
570 237 751 294 *OSTENTIS

36 417 61 471 D
96 444 98 449 ,
138 399 199 484 κδ’.
223 402 252 465 εί
273 402 451 487 βροντήση,
476 403 613 487 φθοράν
631 398 692 485 μὲν
711 399 847 487 ὀρνέων,
871 401 1024 467 ἐπίδοσιν
1043 400 1080 468 δὲ

71 517 140 572 τῶν
163 506 366 591 ἐπιτηδείων.

138 611 199 697 κγ’.
222 614 252 678 εί
273 615 456 700 βροντηση,
480 615 610 692 στάσεις
633 615 736 699 δηλοί.

7 700 103 792 ⁸146A
140 718 200 786 κδ’.
224 722 253 785 εί
275 722 457 807 βροντηση,
481 721 645 805 εὐθηνίαν
668 726 827 805 σημαίνει.

138 825 194 892 κε’.
222 829 251 892 εί
278 829 461 914 βροντήση,
488 830 586 892 καινὰ
611 829 785 915 πράγματα
811 837 858 916 τῷ
886 831 979 918 δήμῳ
1002 828 1081 894 ἀνα·
1108 856 1120 896 5

73 935 202 1019 φύεται.

139 1039 197 1115 nd.
225 1043 254 1106 εί
280 1044 462 1128 βροντήση,
489 1050 606 1126 κτῆσιν
634 1042 835 1108 ἐπεισάκτων
860 1043 1082 1129 ἀνδραπόδων

73 1149 178 1232 δηλολ

139 1252 194 1332 κζ.
217 1254 247 1319 εί
269 1255 450 1340 βροντηση,
475 1252 668 1319 ἐπείσακτον
691 1255 855 1338 εὐθηνίαν
878 1255 982 1338 δηλοί.

139 1356 199 1442 κη’.
222 1360 252 1424 εί
269 1360 447 1446 βροντήση,
466 1359 618 1444 ἀφθονία
635 1361 764 1446 ίχθύων
777 1365 966 1435 θαλαττίων
980 1364 1080 1427 ἐσται.
1097 1394 1122 1431 10

39 1481 64 1535 B
139 1462 203 1530 κθ’.
227 1467 256 1530 εί
274 1467 451 1552 βροντηση,
475 1467 509 1531 αἱ
527 1477 683 1550 γυναῖκες
700 1476 757 1551 τῆς
775 1471 963 1554 κρείττονος
982 1467 1082 1554 δόξης

73 1569 279 1650 ἀνθέξονται.

139 1677 177 1745 λ’.
201 1681 230 1744 εί
251 1682 433 1766 βροντήση,
456 1681 599 1757 δυνατός
620 1703 671 1757 τις
692 1689 750 1765 τῆς
772 1683 942 1764 βασιλείας
966 1681 1081 1770 ἑγκρα-
1095 1713 1134 1753 328

73 1787 131 1872 της
153 1789 255 1871 ἔσται,
278 1785 321 1851 δι’
350 1782 391 1852 οὗ
414 1787 616 1873 εὐφροσύνη.

471 2052 686 2120 ΑΠΡΙΔΙΟΣ
1097 2085 1122 2125 ιι

140 2178 191 2242 37.
224 2176 262 2242 α’.
292 2177 335 2240 Εἰ
362 2179 543 2263 βροντήση,
576 2177 742 2263 ἐμφύλιον
774 2180 891 2244 στάσιν
917 2179 974 2245 καί
1001 2180 1081 2246 ἀπο-

44 2287 213 2361 Οπτώσεις
235 2283 362 2347 οὐσιῶν
385 2281 519 2349 ἀπειλεῖ.

139 2389 178 2473 β’.
203 2391 232 2454 εί
254 2392 432 2477 βροντήση,
456 2391 549 2474 δίκης
572 2402 719 2476 σημεῖον,
743 2391 878 2470 ἐσθλοῖς
899 2392 1005 2459 ἐσθλδι
1023 2419 1082 2479 φε-

73 2497 197 2581 ρούσης
219 2495 275 2561 καὶ
298 2498 440 2580 φαύλοις
463 2501 582 2581 φαῦλα.

140 2601 179 2686 γ’.
216 2604 245 2666 εί
278 2604 460 2689 βροντηση,
495 2602 595 2690 κέρδη
629 2603 661 2682 ἐξ
695 2605 888 2672 ἐπεισάκτου
920 2607 1082 2692 εὐθηνίας
1097 2637 1123 2676 ιο

74 2709 179 2793 δηλολ

140 2812 179 2880 δ.
213 2817 242 2880 εί
272 2818 454 2903 βροντηση,
488 2817 592 2903 ὀργὴν
623 2829 691 2883 τῶν
723 2822 923 2906 κρειττόνων
955 2820 1082 2887 ἀπειλεῖ

72 2932 143 2999 τοῖς
166 2919 278 2998 ἀξίοις.
361 2998 365 3007 Ι

139 3027 173 3094 ε’.
203 3030 232 3093 εί
258 3030 439 3116 βροντηση,
468 3029 596 3113 αὐχμὸν
617 3026 679 3115 μὲν
700 3039 747 3118 τῷ
769 3027 839 3119 ἦρι,
867 3033 1020 3117 ὑγιεινὸν
1045 3033 1081 3100 δὲ

73 3137 133 3202 τὸν
156 3135 312 3201 ἐνιαυτὸν
335 3139 497 3218 σημαίνει.
1098 3169 1123 3209 25

38 3258 62 3311 D
145 3241 181 3317 ς’.
205 3244 234 3307 εί
256 3245 438 3330 βροντήση,
460 3245 599 3328 πόλεμοι
622 3244 778 3330 ἐμφύλιοι
801 3246 1051 3331 ἀναστήσονται.

107 3502 112 3511 ·
148 3471 162 3525 7
184 3471 348 3526 ἐπείσακτον
372 3471 435 3528 GP:
462 3488 530 3526 corr.
553 3472 676 3527 Hercher
697 3475 707 3544 ΙΙ
730 3473 768 3528 10
791 3473 868 3528 ἔσται
891 3491 944 3530 om.
965 3475 993 3527 P
1012 3477 1021 3544 ΙΙ
1045 3475 1083 3529 12

74 3539 246 3607 ἀνθέξονται
264 3543 351 3598 etiam
369 3543 397 3595 P
414 3544 423 3613 ss
442 3542 479 3596 15
498 3544 565 3613 μηνί
583 3541 716 3618 ἀπριλλίφ
732 3544 808 3600 rubr.
828 3546 856 3598 P
875 3548 885 3616 ΙΙ
908 3545 956 3600 18.
976 3545 1014 3599 19
1032 3565 1083 3616 φε-

75 3610 176 3682 ρούσης
195 3629 263 3670 corr.
282 3615 315 3670 H.
334 3630 385 3683 pro
404 3611 529 3682 φέρουσα
542 3616 552 3684 ΙΙ
565 3613 604 3670 24
622 3615 654 3670 τὸ
673 3615 722 3684 ἔαρ
742 3617 770 3671 Ρ
