2490 4124
112 227 160 283 XL
479 227 754 283 PROLEGOMENA

114 395 216 468 είιδίας
238 393 288 456 nal
311 403 451 475 χειμῶνος
473 395 523 456 καὶ
546 396 634 474 dolis
658 394 745 456 ὑετοῦ
768 417 798 456 ιε
820 395 871 456 aui
893 394 1050 477 ἀστραπῶν
1073 397 1129 459 ναί

113 486 248 567 βροντῶν
270 483 321 545 καί
343 482 460 564 ἀνίμων
482 484 642 565 ἐπιφορᾶς,
670 481 745 564 πρὸς
771 485 887 557 τούτοις
913 485 1129 567 βροντολόγιον

111 572 163 635 καί
180 572 381 654 οεισμοίίγιον
397 573 449 634 καί
467 572 549 656 ἕτερα
566 572 622 633 ὅσα
639 579 878 655 ααραιηροῦνται
895 574 929 634 oi
938 576 1122 636 atroarrnol·

113 660 208 727 ίονίον
231 659 263 723 δὲ
285 661 331 723 ὅτι
351 671 487 725 τοιοῦτον
511 663 628 742 βιβλίον
649 660 859 740 ἐφιίοιιονήθη
881 661 931 723 καί
952 661 987 723 tn
1003 667 1125 724 nomn

113 753 238 833 βιβλίων
260 749 411 833 ἠρανίοθη
433 745 503 832 παρ’
529 749 602 830 ἐμοῦ
626 751 855 812 Κωνστανῐίνον
871 799 877 811 .
892 796 899 810 .
914 796 922 813 .
936 749 1085 831 βασιλέως.

181 841 278 911 Quam
300 841 363 900 late
386 841 542 918 patuerint
563 841 637 900 haec
660 841 762 901 studia
784 841 908 919 quaevis
926 840 1052 902 Graecis
1072 859 1125 900 ec·

113 930 232 991 dicibus
265 931 358 1004 paulo
398 929 575 989 instructior
610 929 792 991 bibliotheca
824 929 1028 993 demonstrat:
1058 933 1126 989 tarn

114 1021 219 1096 ingens
235 1020 281 1077 est
294 1018 371 1079 silva
385 1018 622 1095 Byzantinarum
637 1019 877 1094 disputationum
895 1019 950 1097 „de
964 1013 1127 1090 ostenti&

113 1126 174 1166 non
192 1107 291 1166 minus
310 1103 449 1186 ἑρμηνεία
467 1111 520 1167 roi
538 1105 749 1186 βροντολογίοο
766 1105 818 1166 καί
835 1112 889 1168 τοῦ
907 1106 1125 1186 σεισμοίομίου,

116 1192 257 1275 ἑρμηνεία
274 1200 327 1255 rod
346 1195 549 1275 osacpotoyioc
567 1203 627 1254 τῶν
645 1194 759 1255 δώδεκα
773 1195 896 1280 ζῳδίων,
914 1194 1126 1276 βρονιολόμιον

114 1309 174 1362 τῶν
192 1303 224 1381 ιβ
246 1309 349 1381 μηνῶν
368 1302 429 1362 alia
446 1303 648 1379 reperimur,
672 1321 764 1380 quam
781 1301 1030 1383 παρασημειώοεις
1049 1322 1126 1381 προ-

115 1389 274 1471 γνωστικαὶ
302 1389 369 1471 περὶ
398 1399 450 1470 τῆς
485 1391 646 1469 μελλούσης
674 1395 728 1451 τοῦ
760 1388 845 1471 ἀέρος
876 1382 1127 1471 ιιατασιάσεωςθῖ)

117 1479 236 1538 similia.
292 1479 365 1557 quid
397 1479 478 1556 quod
510 1480 603 1539 etiam
634 1480 666 1538 in
697 1481 886 1540 Britanniam
917 1481 988 1539 haec
1020 1480 1127 1539 studia

115 1568 275 1644 utriusque
298 1569 417 1650 generis
440 1567 751 1647 transmigraverunt?
791 1569 871 1629 inter
888 1570 999 1645 scripta
1021 1568 1127 1628 Bedae

114 1656 304 1716 Venerabilis
331 1657 446 1735 legitur
473 1657 565 1716 etiam
592 1658 705 1716 libellas
734 1659 769 1717 cle
791 1660 926 1718 tonitruis
947 1658 987 1716 ad
1008 1657 1127 1717 Heren-

114 1746 228 1820 fridnsa
244 1739 316 1829 (vol.
330 1745 374 1805 VI
387 1767 415 1824 p.
433 1748 495 1806 343
507 1764 549 1823 sq.
565 1746 609 1805 ed.
625 1737 734 1827 (tiles),
756 1748 930 1823 translatus,
944 1749 980 1805 ut
994 1747 1129 1823 scriptor

113 1836 177 1912 ipse
201 1836 245 1895 ait
267 1835 298 1895 in
320 1835 521 1912 praefatione,
549 1853 585 1894 ex
612 1852 747 1893 sermone
771 1833 885 1895 Graeco
911 1835 942 1893 in
969 1833 1128 1914 Latinum,

114 1937 213 2002 nsque
244 1925 344 1984 minus
376 1926 440 1984 eius
471 1925 613 1983 feruntur
638 1926 808 1997 pronostica
823 1925 993 2000 'temporam
1025 1927 1058 1983 et
1090 1924 1129 1983 dc

108 2015 344 2086 praemonitione
371 2016 469 2087 copiae
496 2016 549 2072 ant
569 2015 755 2086 pernotatis
776 2013 895 2085 fntnras
921 2003 1006 2093 (edit.
1029 2012 1128 2072 Basil.

115 2101 321 2160 1563v01.1
347 2121 375 2177 p.
395 2105 459 2161 462
475 2095 542 2180 οη).
587 2101 665 2160 falso
692 2103 794 2160 tamen
820 2102 874 2161 has
902 2099 1127 2181 disputationes

115 2207 151 2248 ex
182 2188 267 2264 Lydo
295 2207 430 2247 manasse
460 2189 534 2248 dicit
560 2188 640 2249 Hase
668 2193 825 2250 comment.
852 2211 880 2266 p.
899 2189 955 2247 XV
970 2207 1027 2268 sq.‚
1061 2191 1127 2249 iere

114 2277 217 2336 nullus
246 2277 324 2335 enim
352 2280 398 2336 est
430 2295 598 2337 consensus.
644 2280 778 2336 ceterum
806 2299 900 2337 unum
927 2297 963 2337 ex
990 2279 1037 2337 his
1068 2279 1129 2338 sei-

116 2366 269 2444 smologiis
288 2365 409 2424 ineditis
432 2367 464 2424 in
488 2367 632 2443 epimetro
658 2366 787 2427 secundo
811 2367 847 2426 de
869 2370 968 2427 terrae
990 2367 1129 2428 motibus

116 2455 247 2514 adnexui
270 2458 300 2514 ct
322 2455 542 2530 permultorum
564 2455 777 2515 tonitrualium
798 2475 894 2515 unum
913 2455 1006 2515 edidit
1028 2475 1130 2532 nuper

117 2562 153 2601 ex
166 2541 364 2602 Ambrosianc
378 2543 404 2601 E
425 2546 464 2602 81
482 2563 547 2620 sup.
561 2543 742 2603 Wflnschius
761 2544 833 2620 Bpa.
844 2545 954 2604 Ztsolir.
968 2544 997 2602 V
1009 2565 1038 2620 p.
1051 2547 1127 2605 416.

180 2630 222 2689 ut
252 2650 311 2708 quc
341 2650 437 2708 usque
466 2633 647 2708 processerit
676 2650 788 2693 vesana
816 2634 847 2691 in
874 2633 942 2692 istis
971 2633 1127 2693 vaticiniis

117 2718 266 2779 collocata
288 2719 399 2778 fiducia
422 2721 545 2780 Nicetes
568 2720 729 2780 Choniates
752 2721 810 2781 tibi
833 2718 983 2799 narrabit,
1013 2723 1067 2799 qui
1094 2723 1128 2780 in

114 2807 245 2867 Manuel.
271 2806 421 2869 Commen.
446 2809 507 2867 VII
531 2811 549 2869 5
574 2830 601 2886 p.
626 2811 688 2869 233
714 2809 757 2868 ed.
784 2808 892 2871 Gener.
919 2811 1003 2870 1593
1033 2811 1129 2870 haeae

115 2897 222 2957 refert:
247 2892 357 2977 λίγειαι
380 2893 420 2968 ὡς
442 2901 495 2957 τοῦ
522 2896 667 2977 δόγματος
689 2897 795 2958 τούτου
825 2889 875 2978 (de
904 2899 1067 2958 oblatione·
1081 2900 1128 2958 in·

114 2985 231 3045 carnuti
259 2978 320 3068 dei)
349 2983 590 3064 ὑιιοιιινοομένοο
617 2984 667 3046 καὶ
696 2985 738 3057 είς
764 2984 870 3064 κοινὴν
898 2983 1129 3066 ίπιιιρινομένοα

114 3079 297 3154 προτεθῆναι
319 3073 468 3154 βάσανον,
496 3072 608 3154 ἕξώροις
636 3072 795 3155 ἐκραγῆναι
821 3073 952 3154 βροντὴν
982 3073 1129 3154 ίξαισίαν,

114 3157 171 3240 ὑφ’
191 3154 228 3242 ἧς
251 3161 300 3224 καί
322 3167 582 3244 superscriptioni
609 3161 661 3234 τὰς
688 3160 779 3234 ἀκοὰς
807 3161 838 3224 τὸ
867 3162 961 3224 συνὸν
984 3162 1066 3225 daun
1084 3167 1128 3248 τῷ

187 3390 232 3456 tt)
251 3387 320 3441 haec
339 3387 471 3456 leguntur
484 3385 515 3440 in
529 3385 625 3439 codice
638 3385 828 3440 Laurentiano
843 3385 960 3440 XXVIII
973 3392 1008 3439 32
1027 3386 1075 3442 fol.
1093 3393 1128 3441 12

116 3458 182 3510 rect.
207 3460 236 3512 et
255 3457 349 3512 editae
371 3475 445 3511 nunc
465 3460 530 3510 sunt
549 3473 582 3511 ex
600 3473 662 3511 meo
682 3457 845 3526 apographo
864 3458 941 3529 apud
959 3457 1128 3528 Heegerum,

117 3525 152 3580 de
171 3526 357 3598 Theophrasti
376 3547 421 3596 qu.
436 3528 455 3584 f.
473 3548 502 3583 a.
523 3525 643 3599 σημείων
662 3526 759 3583 libello
775 3531 865 3598 (1889)
884 3546 911 3597 p.
927 3533 960 3582 66
971 3545 1031 3597 sqq.
1052 3529 1128 3599 (vide

114 3614 142 3666 p.
162 3600 213 3666 60).
