2490 4124
189 216 940 329 fflmfflmfflmmfflmww
1010 259 1071 323 m

127 418 186 503 κγ’.
224 430 263 506 τῇ
300 422 364 507 πρὸ
394 417 415 485 ι’
452 421 624 485 καλενὸῶν
659 424 784 508 βορρᾶς
820 423 956 487 πνεύσει
993 423 1074 506 μετᾶ

58 529 191 613 βεοιᾶι.
793 624 795 629 ,
906 614 909 621 ,

126 632 185 698 νᾶ.
217 642 256 718 τῇ
284 634 349 719 πρὸ
372 631 408 698 θ’
431 635 602 699 καλενὸᾶν
629 635 752 719 χειμὼν
778 633 835 700 καὶ
857 633 979 722 βορέου
1004 635 1072 701 ε’πί-

59 756 153 817 τασις
175 741 241 823 ἅμα
262 738 318 804 καὶ
340 741 451 826 εύρου.

32 872 45 912 ε
127 844 180 911 κε’.
212 855 251 931 τῇ
274 847 338 932 πρὸ
361 845 392 930 η’
415 848 586 913 καλενὸᾶν
608 848 771 925 ὡσαύτως.
1077 859 1097 914 O

127 951 184 1025 ις’.
217 961 255 1038 τῇ
278 953 343 1038 πρὸ
368 951 392 1031 ζ’
415 954 587 1019 καλενιλᾶν
610 956 766 1039 χειμάζει,
794 964 871 1020 πνεῖ
894 951 931 1020 δὲ
955 954 973 1019 ὁ
995 957 1074 1040 βορ-

61 1069 121 1145 ρᾶς
145 1061 210 1123 σὺν
232 1067 278 1145 τῷ
302 1059 400 1147 εύρρι,
423 1058 478 1124 καλ
502 1061 634 1146 ἄρχεται
658 1061 801 1125 δύεσθαι
824 1061 845 1144 ἡ
869 1063 962 1148 λύρα.

127 1163 181 1244 κζ.
214 1174 253 1250 τῇ
279 1166 344 1251 πρὸ
369 1164 396 1239 ς’
423 1167 595 1231 καλενὸᾶν
627 1168 751 1253 ᾶστρον
783 1169 936 1254 λαμπρὸν
964 1166 1000 1232 ἐν
1026 1175 1073 1255 τῷ

62 1276 180 1356 στήθει
207 1280 267 1336 τοῦ
295 1270 429 1349 λέοντος
457 1274 589 1359 ᾶρχεται
617 1274 775 1359 (λύεσθαι,
807 1275 827 1359 ἡ
856 1270 894 1339 δὲ
921 1276 1007 1361 λύρα
1035 1273 1072 1339 ἐν

20 1408 47 1448 10
62 1376 192 1464 ἑσπέρᾳ.
237 1376 293 1443 καὶ
315 1381 441 1465 βορρᾶς
462 1390 549 1464 πνεῖ,
574 1382 643 1445 ἔστι
667 1378 696 1444 δ’
725 1379 779 1446 ὅτε
801 1379 856 1445 καὶ
878 1381 940 1446 ύει.

128 1483 187 1568 κη’.
219 1495 258 1571 τῇ
281 1486 345 1572 πρὸ
369 1484 400 1550 ε’·
421 1487 592 1551 ναλενᾶᾶν
620 1486 823 1572 ἀνεμομαχία
847 1489 928 1571 μετᾶ
950 1489 1106 1573 χιόνοςῐ)

128 1589 193 1656 αλλ’.
225 1601 264 1677 τῇ
282 1593 347 1678 πρὸ
367 1590 397 1655 ιλ
415 1594 587 1657 καλενὸῶν
607 1592 624 1657 ὁ
645 1591 766 1677 δελφὶν
785 1594 928 1659 δύεσθαι
947 1598 1085 1684 μελετᾶ.’

129 1695 166 1763 λ’.
198 1707 237 1783 τῇ
260 1699 325 1784 πρὸ
344 1696 374 1782 γ’
392 1700 563 1764 ααλενδῶν
585 1699 606 1782 ἡ
626 1702 711 1785 λύρα
731 1698 807 1786 περὶ
825 1701 886 1784 τὴν
904 1703 1128 1787 πρώτηνᾶοδλ

63 1807 218 1888 φυλακὴν
240 1815 298 1889 τῆς
321 1807 441 1882 νυκτὸς
464 1807 597 1891 ᾶρχεται
621 1806 764 1871 δύεσθαι
788 1805 823 1870 ἐκ
836 1806 975 1893 μέρους.
1019 1806 1074 1872 καὶ

21 1939 49 1979 ιι
64 1910 248 1995 σαννέφεια
271 1914 372 1996 ἔσται,
395 1910 449 1976 καλ
474 1912 623 1997 σφοδρὸς
644 1915 769 1998 βορρᾶς
791 1914 872 1996 μετὰ
894 1915 1025 1999 βροχῇς.

131 2016 189 2083 λα’.
222 2028 261 2103 τῇ
284 2020 349 2104 πρὸ
373 2016 402 2083 α’
421 2020 593 2084 καλενὸᾶν
613 2021 854 2105 Φεβρουαρίων
871 2019 968 2096 ὑετὸς
986 2022 1075 2105 χιόνι

63 2123 271 2208 μεμιγμένος.

135 2350 153 2406 4
182 2353 265 2422 εύρον
294 2354 365 2423 FB,
394 2349 474 2423 εὖρος
503 2354 551 2409 OS
574 2357 584 2425 λλ
611 2353 629 2408 ὅ
653 2354 759 2409 Colum.
778 2355 816 2408 XI
836 2361 900 2424 2‚5
925 2354 1004 2409 VHI
1023 2356 1074 2409 cal.

63 2423 145 2479 Febr.
167 2427 350 2479 ..interdum
380 2428 461 2485 etiem
488 2432 636 2495 tempestae.
666 2425 700 2481 cf.
723 2425 828 2480 Polem.
853 2425 901 2481 sil.
926 2430 968 2480 λδ.
987 2425 1046 2480 Ian.
1069 2424 1073 2498 λ

62 2496 204 2566 ὡσαύτως]
228 2503 368 2564 tempestas
386 2498 537 2564 ινιᾶᾶᾶιονς
560 2498 645 2551 eidem
662 2499 733 2566 βατιι
749 2500 823 2553 venti
840 2497 924 2552 Leon.
948 2499 958 2568 λλ
981 2498 999 2551 6
1018 2516 1075 2568 χει-

62 2564 160 2689 μύζειλ
177 2565 295 2621 Ptolem.
316 2573 339 2620 1.
358 2567 465 2621 Mechir
479 2595 513 2613 =
529 2573 569 2621 26.
589 2567 647 2622 Ian.
667 2565 796 2642 Δοσιθέῳ
814 2566 959 2640 χειμαίνει.
978 2571 988 2638 λλ
1006 2569 1036 2624 6.
1058 2569 1073 2624 7

60 2639 128 2706 post
162 2654 281 2690 acunam
322 2638 426 2707 ειμύζει
450 2641 553 2711 βορρᾶς
576 2641 605 2692 et
628 2638 751 2708 spatium
769 2656 791 2694 ο.
812 2646 847 2694 30
865 2639 951 2695 litter.
970 2639 1002 2693 in
1021 2641 1052 2694 F
1065 2640 1076 2712 λλ

62 2707 158 2762 8-10
177 2707 282 2764 Colum.
301 2659 320 2764 λ.
340 2727 360 2762 s,
386 2711 430 2765 VI
452 2712 503 2765 ιαλ
533 2710 613 2764 Febr.
643 2713 727 2766 leonis
754 2728 823 2780 ρααι
850 2719 889 2767 eet
915 2714 947 2765 ιἰι
967 2719 1075 2780 pectere
1187 2722 1192 2729 '

61 2781 141 2834 elaea
158 2782 236 2835 stella
254 2782 358 2835 oceidit.
378 2783 388 2851 λλ
407 2780 445 2835 10
463 2782 512 2834 καλ
531 2783 645 2853 βορρᾶς]
665 2798 717 2836 om.
739 2782 779 2852 01
796 2780 839 2836 ὅτι
859 2783 882 2838 0
892 2785 902 2853 λλ
916 2782 952 2837 ll
973 2783 1024 2836 ᾶνε
1046 2802 1075 2835 ο·

61 2847 169 2920 μαχλαν
189 2851 212 2905 C
231 2854 241 2920 λλ
263 2851 301 2906 12
324 2853 385 2905 Aess.
411 2852 478 2921 μηνὶ
500 2857 537 2906 τῶ
561 2852 636 2922 αύτῷ
660 2851 739 2921 (Ian.)
757 2859 794 2922 ἦ
814 2852 841 2923 (i.
862 2869 885 2908 e.
908 2856 997 2907 31113θο.
1039 2851 1073 2920 ’6)

61 2906 1075 3007 mmmmmmffifflmqfflmmſtrffim

61 3013 170 3066 oceidit.
198 3011 260 3065 Aet.
289 3012 356 3081 μηνὶ
384 3016 421 3084 τῷ
450 3013 524 3084 αύτῷ
549 3012 627 3082 (Ian.)
651 3001 693 3067 νᾶ
715 3011 742 3082 (i.
762 3029 785 3067 e.
811 3015 900 3066 antec.
926 3010 980 3080 die)
1004 3011 1075 3079 λύρα

62 3079 188 3150 ἑσπέριος
207 3082 294 3136 δύνει.
313 3085 322 3151 λλ
346 3081 383 3136 15
403 3081 556 3151 σοννὲφεια
575 3100 643 3138 corr.
662 3083 786 3137 Hereher
803 3100 853 3153 pro
873 3079 1011 3152 σνννεφλα
1028 3081 1075 3135 hic
1173 3138 1175 3143 ,

62 3155 92 3206 et
111 3168 170 3206 sem
190 3169 220 3206 er
237 3152 312 3206 infra
328 3155 331 3222 λ
348 3154 396 3207 καλ
415 3154 549 3226 σφοδρὸς]
569 3157 698 3225 σφοδρᾶς
715 3174 745 3209 τε
766 3154 797 3208 F
811 3158 820 3224 λλ
834 3155 883 3210 16.
899 3154 936 3216 17
955 3153 1073 3208 Ptolem.

53 3229 86 3277 .6.
107 3223 170 3277 Meo
193 3223 199 3233 '
230 3252 263 3270 =
279 3230 320 3278 31.
340 3224 397 3279 Ian.
418 3223 535 3299 Εὐδόξῳ
553 3223 638 3289 ύετός.
