2490 4124
119 233 145 288 X
484 244 761 300 PROLEGOMENA

115 409 263 468 numerali
285 412 357 470 nota
380 412 452 472 ulla.
494 432 529 473 91
554 416 593 473 11
618 415 692 474 folia
715 414 840 474 disiecta
863 416 1028 476 secundum
1051 436 1124 477 cou-

115 498 252 570 spectum
279 500 375 575 operis
404 502 436 560 11
463 503 561 580 capite
585 507 693 580 quarto
721 504 891 580 expositum
914 505 1066 565 ordinavit
1090 510 1123 566 91

114 580 264 662 disposuit
284 587 402 650 Hasius,
445 611 504 669 quo
527 592 608 652 facto
632 593 782 671 apparuit,
805 596 874 669 post
896 594 1005 653 folium
1029 613 1123 672 quar-

112 672 178 732 tum
202 668 285 757 (post
307 679 399 739 verba
421 677 530 758 μέλανα
557 677 653 760 91νῆ
676 679 831 762 ὑπόχλωροι
854 678 998 760 φανέντα,
1027 698 1065 760 oq
1090 683 1123 742 in

113 763 211 839 capite
233 785 311 827 nono
329 788 358 845 p.
374 771 424 848 20,
440 773 490 831 10.
507 762 562 852 11)
586 771 645 832 duo
659 771 817 830 minimum
830 770 904 830 folia
922 771 1122 850 intercidisse,

115 852 206 930 atque
224 857 339 933 pariter
357 877 452 917 nuum
470 863 550 919 certe
573 864 642 936 post
659 860 767 920 folium
785 862 902 919 sextum
926 851 1011 940 (post
1028 859 1124 920 verba

113 937 230 1018 Πέρσας
253 965 282 1004 τε
304 945 335 1004 in
359 948 456 1024 capite
479 949 594 1010 decimo
619 949 724 1027 quinto
747 970 776 1026 p.
791 951 842 1026 43,
859 939 902 1029 7).
944 948 1124 1026 ceteroquin

112 1029 188 1090 nihil
206 1032 307 1094 deesse
325 1039 445 1112 praeter
464 1038 618 1098 exordium
640 1029 751 1119 libri³).
788 1037 914 1097 accessit
931 1039 1035 1097 tamen
1053 1055 1124 1115 gra·

112 1118 180 1180 vius
203 1121 436 1205 incommodum3
460 1127 561 1187 decem
583 1127 686 1204 priora
707 1126 781 1187 folia
803 1127 911 1186 misere
930 1129 1002 1187 sunt
1019 1127 1124 1186 lacera

113 1209 294 1290 madoreque
316 1215 381 1275 vini
403 1219 435 1277 et
456 1218 608 1278 vetustate
632 1217 706 1277 adeo
725 1207 881 1294 affecta4),
904 1218 940 1274 ut
957 1215 1124 1274 Villoisoni

113 1289 241 1380 (proleg.
265 1304 303 1363 ad
325 1303 411 1364 Iliad.
433 1326 461 1383 p.
476 1298 587 1387 XLVI)
609 1306 642 1365 in
664 1306 741 1365 cella
763 1304 880 1366 1111111
901 1304 1004 1379 potius
1028 1322 1124 1381 quam

112 1386 144 1446 in
167 1390 348 1453 bibliotheca
371 1394 464 1454 codex
486 1397 657 1455 asservatus
682 1412 745 1453 esse
768 1394 931 1454 videretur.

178 1478 352 1542 Incredibili
374 1487 477 1542 autem
503 1484 662 1562 diligentia
689 1483 802 1542 Hosius
829 1501 865 1542 ex
893 1482 936 1541 eis
959 1481 1123 1558 descripsit

113 1585 189 1644 qnae
219 1570 319 1649 legere
353 1573 455 1649 potuit
488 1574 728 1649 sententiamque
764 1571 915 1649 quandam
947 1571 1123 1647 expiscatus

111 1657 205 1718 verba
221 1660 358 1721 restituit
376 1664 407 1720 91
424 1661 561 1739 ingentes
579 1662 703 1720 lacunae
722 1660 813 1737 spatii
827 1659 915 1721 vacui
930 1659 1124 1719 exactissima

112 1747 229 1809 ratione
252 1750 356 1810 habita
380 1751 519 1826 explevit.
561 1769 745 1827 quamquam
771 1750 803 1807 in
831 1748 931 1808 codice
960 1746 1122 1808 Oaseolino

111 1855 234 1912 prorsus
248 1843 330 1899 certa
344 1839 517 1900 coniectura
534 1840 571 1898 de
591 1838 787 1900 evanidamm
804 1838 976 1897 litterarum
994 1856 1122 1896 numero

112 1944 149 1985 ax
167 1930 269 1988 areola
286 1948 383 1990 vacua
402 1928 471 1989 duci
488 1929 602 2007 nequit.
639 1947 769 2005 namque
787 1927 959 1986 litterarum
976 1945 1124 1986 numerus

111 2014 144 2072 in
167 2016 295 2094 singulis
318 2018 453 2081 versibus
476 2018 577 2078 differt
594 2017 773 2095 plurimum,
796 2017 828 2074 in
846 2016 998 2092 plerisque
1017 2018 1125 2074 tamen

111 2102 260 2165 habentur
283 2109 494 2185 quadragenae
512 2110 636 2167 octonae
654 2108 709 2165 aut
728 2105 968 2183 quinquagenae,
991 2103 1045 2164 sed
1067 2123 1123 2164 eae

113 2195 144 2251 91
174 2195 310 2256 cursivae
343 2197 405 2255 fere
436 2198 508 2255 sunt
537 2198 568 2255 et
597 2213 686 2271 saepe
716 2194 748 2252 in
774 2192 834 2253 fine
856 2212 1001 2254 versuum
1026 2193 1123 2268 paulo

110 2283 272 2358 pressiores
303 2285 334 2343 et
362 2284 539 2343 intermistis
568 2284 617 2343 hic
650 2283 713 2343 illic
745 2282 928 2359 compendiis
961 2281 1123 2342 scribendi.

112 2371 155 2430 eis
185 2372 270 2450 siglis
300 2372 429 2450 denique
457 2372 561 2432 eadem
589 2373 657 2449 ipsa
686 2390 745 2433 vox
772 2391 853 2431 nunc
875 2373 1017 2431 exaratur
1039 2389 1124 2430 nunc

112 2460 174 2519 suis
193 2462 317 2534 litteris,
341 2464 377 2521 ut
400 2462 450 2522 vel
473 2461 505 2520 in
526 2463 636 2521 lacuna
658 2461 752 2520 trium
774 2460 947 2520 litterarum
970 2459 1124 2536 explenda

112 2539 163 2629 (ut
184 2549 240 2609 hoc
263 2541 348 2631 utar)
378 2549 499 2608 difficile
527 2569 615 2627 saepe
646 2550 687 2609 911
717 2549 814 2628 dictu,
843 2553 948 2608 utrum
972 2539 1045 2608 ΚΑΙ
1079 2549 1125 2608 le·

111 2639 243 2715 gendum
261 2657 308 2716 an,
328 2639 408 2716 quod
427 2639 560 2715 epatium
578 2659 638 2699 non
656 2638 755 2698 maius
775 2641 910 2716 occupet,
939 2628 1040 2715 SEN,
1064 2637 1124 2698 hoc

112 2729 159 2786 est
181 2724 232 2787 καὶ
255 2721 445 2808 (compendio
469 2721 630 2809 scriptum)
653 2724 686 2787 ἐν
709 2730 740 2786 91
763 2727 805 2786 919
829 2717 1003 2806 9911191195)

178 2815 214 2875 In
237 2835 272 2876 ea
295 2835 415 2893 quoque
438 2835 469 2876 re
494 2817 641 2877 editorem
664 2816 740 2875 mira
758 2817 867 2892 pressit
890 2815 947 2875 fati
966 2815 1123 2891 iniquitas,

112 2905 194 2982 quod
215 2905 247 2963 in
274 2906 390 2982 priori
416 2909 448 2965 et
470 2924 507 2965 ea
529 2906 657 2964 maxime
684 2906 784 2964 lacera
811 2908 898 2981 parte
925 2904 996 2963 libri
1022 2922 1123 2981 usque

113 2994 152 3053 ad
177 2995 355 3056 vicesimum
382 2997 474 3070 caput
501 2995 585 3054 nullo
613 2994 734 3055 omnino
762 2993 823 3053 alio
852 2993 952 3054 codice
981 2992 1123 3054 subleva-

182 3131 208 3199 3)
234 3127 418 3198 paucissimos
437 3130 550 3182 tantum
567 3143 661 3182 versus
681 3128 777 3182 deesse
796 3127 918 3183 credidit
936 3125 1053 3196 Hasius,
1072 3143 1124 3196 po-

111 3198 169 3254 tius
187 3217 275 3254 unum
292 3197 392 3253 folium
410 3198 587 3253 intercidisse
604 3198 675 3252 mihi
692 3198 751 3254 veri
769 3197 881 3254 videtur
899 3197 999 3252 simile.

181 3274 209 3343 4)
233 3273 357 3326 ceterum
380 3269 478 3340 Klein,
503 3272 611 3338 quaest.
630 3270 726 3340 Nigid.
745 3288 773 3339 p.
789 3276 804 3323 7
823 3271 933 3337 narrat,
961 3268 1124 3324 litterarum

112 3341 212 3397 ductus
231 3358 304 3396 nuno
324 3342 415 3397 denuo
435 3358 584 3412 apparere3
603 3341 680 3409 quod
699 3340 801 3410 quibus
821 3341 856 3396 de
869 3339 998 3410 partibus
1014 3340 1122 3395 codicis

112 3412 219 3468 dictum
237 3430 298 3469 esse
316 3412 387 3469 velit
404 3413 507 3468 nescio.

183 3487 209 3555 5)
233 3501 306 3552 quae
330 3485 364 3539 19
388 3484 485 3539 991199
504 3483 652 3540 Cascolino
675 3483 789 3538 narravi
808 3482 968 3552 deprompsi
987 3499 1021 3537 ex
1039 3482 1124 3538 Hasii

111 3555 311 3611 commentario
331 3556 365 3610 de
380 3556 457 3625 Lydo
476 3555 563 3610 LXXI
577 3573 617 3624 sq.
637 3558 666 3610 et
683 3554 859 3624 praefatione
879 3554 945 3609 edit.
961 3554 995 3608 de
1015 3557 1122 3611 ostent.

111 3645 138 3699 p.
158 3628 234 3696 Vsq.
