2490 4124
280 264 460 320 LABEONIS
478 265 696 321 διασείσειν
715 269 748 337 (ι.
769 272 810 322 ιο.
831 270 875 337 ω)
1020 267 1083 333 105

75 427 203 492 ἀπειλεῖ
232 430 432 514 σωφρόνων,
462 438 590 494 πτῶσιν
618 425 655 494 δὲ
681 427 737 494 καὶ
764 429 846 516 αὐτῇ
874 440 913 516 τη
935 432 1084 514 βασιλίδι

74 532 131 599 καὶ
158 544 228 610 τοῖς
256 535 356 618 αὐτῆς
383 533 519 612 τέκνοις.
566 535 741 612 έλάττωσις
764 533 801 602 δὲ
824 539 915 602 ἔσται
937 548 1005 601 τῶν
1028 538 1084 621 δη’-

74 665 163 725 μων,
191 639 401 718 ἀποτεύξεται
430 639 467 705 δὲ
493 639 549 706 καὶ
573 642 594 725 ἡ
618 643 774 726 ἄμπελος·
805 633 877 720 ταῖς
900 639 937 708 δὲ
959 642 1084 729 παρθέ-

74 772 149 824 νοις
180 745 235 811 καλ
267 745 399 830 γυναιξὶ
431 751 628 833 γενήσονται
661 748 831 836 συμφοραὶ
863 750 908 826 ὡς
936 748 992 829 καλ
1018 750 1119 818 ὑπὸΙ)

48 858 244 938 ιπολεμίωη
266 853 398 918 ἁλῶναι.
591 931 595 940 ⁸

135 959 271 1037 Ἥλιος
285 960 368 1046 <έν>
383 965 491 1048 ζυγῷ.
524 961 582 1026 ε’ἀν
601 959 639 1026 δέ
652 962 732 1046 <έν>
749 967 836 1050 ζυγῷ
851 963 868 1029 ὁ
883 965 976 1047 ἥλιος
990 962 1085 1046 γένη-

74 1092 140 1151 ται,
160 1069 189 1132 εί
208 1070 318 1152 συμβῇ
337 1069 502 1154 κεραυνὸν
519 1071 779 1154 καταβληθῆναι,
797 1080 886 1135 πᾶσα
902 1069 1014 1135 ἀδικία
1029 1068 1084 1134 καλ

75 1175 239 1258 ἀπληστία
270 1174 325 1240 καλ
357 1178 517 1262 φιλαρχία
543 1179 779 1262 κατακρατήσει
807 1187 875 1240 τῶν
900 1177 1139 1263 πραχμά-184Α

74 1305 157 1364 των,
185 1281 230 1358 ὡς
256 1280 311 1346 καλ
338 1280 414 1368 περὶ
440 1284 480 1347 τά
506 1282 586 1347 ’θεῖα
614 1283 697 1348 αὐτὰ
719 1285 838 1368 τάτῆς
860 1284 989 1370 ὕβρεως
1012 1283 1085 1348 ἀνε-

34 1414 61 1454 10
76 1395 247 1474 νεχθηναι.
293 1389 580 1475 ἀπορριφήσονται
608 1385 645 1454 δὲ
671 1390 737 1454 ὑπὸ
766 1400 833 1454 τῶν
859 1389 1025 1474 βασιλέων
1052 1391 1085 1454 οἱ

20 1521 60 1567 εει
75 1494 213 1582 χρηστοὶ
245 1505 305 1560 τοῦ
337 1497 582 1579 πολιτεύματος.
627 1498 667 1561 τά
698 1495 735 1561 δὲ
750 1497 869 1585 μέτρω
896 1497 916 1581 ἢ
946 1503 1084 1584 σταθμῷ

76 1603 303 1685 ἀποδιδόμενα
330 1602 393 1695 οὐχ
419 1600 482 1679 έξει
510 1603 547 1666 τὸ
576 1603 714 1668 δίκαιον.
759 1603 894 1668 πάντων
921 1600 959 1669 δὲ
982 1606 1085 1689 βαρυ-

76 1709 156 1795 τέρα
184 1712 274 1774 ἔσται
302 1708 322 1791 ἡ
350 1706 426 1794 περὶ
451 1711 492 1772 τά
515 1709 657 1792 δημόσια
679 1708 859 1793 τελέσματα
884 1711 1028 1795 σπουδή,
1052 1713 1088 1776 οἵ

76 1840 111 1880 τε
135 1817 233 1899 νόμοι
255 1818 623 1900 καταφρονηθησονται,
646 1813 701 1880 καλ
724 1817 757 1880 ολ
778 1816 878 1899 δῆμοι
897 1816 929 1894 ἐξ
949 1817 1085 1901 ἀλογίας

36 1949 62 1989 15
76 1925 355 2009 ταραχθησονται,
378 1919 433 1985 καλ
457 1921 492 1986 ἐκ
514 1923 637 1999 παντὸς
659 1924 785 2008 τρόπον
808 1920 864 1986 καλ
881 1921 902 2006 ἡ
921 1933 981 1988 τοῦ
1001 1900 1085 1989 θεοῦ
1124 1920 1126 1925 ’

78 2031 289 2115 δειχθήσεται
313 2028 404 2114 ὀργή.

145 2137 196 2201 51.
219 2134 356 2212 Ἥλιος
375 2135 459 2219 <έν>
479 2139 660 2223 σκορπίῳ.
698 2136 778 2201 ὅταν
792 2132 830 2201 δὲ
843 2135 924 2222 <έν>
939 2141 1119 2226 σκορπίωΒ

77 2240 222 2326 γένηται,
246 2244 275 2307 εἰ
298 2244 380 2306 κατά
398 2240 541 2329 δένδρου
560 2247 771 2328 κατενεχθείη
791 2246 961 2329 κεραυνός,
984 2248 1088 2308 πλοῦ*

77 2373 138 2413 τον
160 2345 222 2432 μὲν
244 2359 313 2425 τοῖς
335 2353 466 2434 κυρίοις
483 2357 544 2413 τοῦ
563 2347 706 2436 δένδρου
727 2348 969 2434 ἐπαγγέλλεται,
991 2352 1028 2414 τὸ
1049 2347 1087 2416 δὲ

35 2483 62 2524 εο
77 2455 262 2540 γεωργικὸν
280 2453 549 2539 ἐλαττωθήσεται.
587 2454 799 2533 ἐπικίνδυνος
817 2454 854 2521 δὲ
872 2456 927 2523 καὶ
945 2456 963 2522 ὁ
981 2462 1087 2534 πλοῦς

77 2565 183 2645 ἔσται,
216 2559 270 2625 καὶ
299 2559 416 2646 ’συχνοὶ
443 2560 496 2626 ἐπὶ
522 2571 581 2646 τῆς
603 2562 774 2647 θαλάσσης
797 2563 1012 2629 ἐκπεσοῦνται
1035 2588 1087 2629 κε-

77 2671 212 2756 ραυνοί,
244 2668 388 2751 ναυάχιά
413 2691 449 2732 τε
469 2670 589 2734 ’πολλὰ
619 2673 829 2754 συμβήσεται.
875 2672 904 2735 ελ
937 2668 974 2735 δέ
1005 2673 1087 2736 κατά

77 2776 241 2859 δημοσίου
269 2776 373 2838 τόπου
403 2773 559 2858 ἑνσκηψει
586 2779 762 2862 κεραυνός,
790 2780 924 2854 νεανίας
949 2777 1086 2860 ἀναιδὴς

76 2892 135 2966 της
166 2884 336 2963 βασιλείας
365 2880 572 2966 ἐπιλάβηται,
605 2882 742 2947 ἀσώτων
769 2882 824 2948 καλ
852 2885 1087 2968 διεφθορότων

35 3012 62 3055 ει
77 2990 328 3075 συντρεχόντων
355 2988 453 3074 αὐτῷ.
499 2990 529 3053 εἰ
556 2985 594 3054 δὲ
619 2992 702 3055 κατά
728 3001 847 3074 τειχῶν
873 2992 1116 3074 κατενεχθείηῦ

76 3096 249 3181 κεραυνός,
265 3091 430 3177 πολέμους
445 3093 480 3158 ἐκ
494 3104 561 3159 τῶν
574 3097 813 3182 πλησιοχώρων
826 3093 882 3160 καὶ
897 3096 1034 3181 φθορὰν
1047 3105 1086 3181 τῇ

76 3205 213 3287 νεολαία
227 3199 372 3266 δεδιέναι
387 3210 457 3286 χρη.
483 3202 516 3265 οἱ
531 3197 568 3266 δέ
581 3200 732 3286 πολέμιοι
747 3205 880 3288 μυρίοις
895 3203 1087 3266 εἰσπεσοῦν-
1191 3227 1195 3235 ·

76 3332 130 3373 ται
144 3318 268 3392 κακοῖς,
283 3309 327 3384 ὡς
341 3301 495 3372 εὐκταῖον
510 3308 622 3385 αὐτοῖς
636 3314 840 3392 νομισθῆναι
854 3309 914 3372 τὸν
928 3309 1086 3372 θάνατον.
1202 3376 1204 3381 ,

151 3501 167 3554 1
188 3501 316 3555 ἀποτελεῖ
334 3501 361 3554 L
383 3503 392 3570 ΙΙ
416 3501 433 3554 2
457 3501 559 3626 αῦτῆςχ
579 3501 674 3563 αὐτοῖς
693 3500 717 3555 0
736 3502 745 3570 ΙΙ
768 3500 786 3554 9
804 3516 855 3571 pro
877 3501 942 3570 περὶ
959 3499 993 3554 Η.
1015 3499 1085 3555 coni.

16 3634 21 3642 ¹
77 3573 147 3642 πρὸς
167 3574 177 3641 ΙΙ
200 3571 238 3626 10
256 3572 311 3627 ὑπὸ
330 3588 399 3626 corr.
418 3572 451 3627 H.
470 3588 521 3642 pro

78 3640 193 3699 εὐκτέον
213 3643 251 3718 0Ι

559 3571 597 3626 ιιι
620 3574 629 3642 η
652 3571 690 3626 νο
709 3571 724 3626 ι
742 3572 840 3644 τίνεις]
859 3570 965 3636 ειιοις
984 3570 1031 3641 οη
1049 3570 1086 3625 νο
