2490 4124
146 242 198 296 XII
505 240 788 298 'PROLEGOMENA

239 409 396 470 Accedunt
428 428 505 487 quae
541 410 653 470 Hasius
691 412 723 470 in
760 410 974 471 commentario
1007 411 1044 470 de
1077 412 1164 490 Lydo

149 520 177 576 p.
196 498 295 558 XLVI
312 499 460 559 narrauit:
480 503 646 577 „quartum
663 501 866 578 fragmentum
884 499 955 558 libri
973 499 1010 558 de
1025 502 1165 581 ostentm,

150 588 186 652 de
217 587 380 648 tonitribus
411 589 595 668 generatim,
626 607 721 667 aequa
751 587 900 647 ineditum
926 589 1004 646 illud
1033 586 1164 669 quidem,

149 676 182 735 iu
209 677 361 736 codicibus
388 677 569 754 inscriptum
595 696 659 737 esse
688 678 778 737 solet:
808 670 949 736 Ἰωάννου
973 678 1165 758 Λαυρεντίαν

148 764 256 826 Λυδοῦ
282 761 505 844 Φιλαδελφέως,
532 763 581 826 ἐπί
603 773 655 845 τῆς
674 764 823 845 βασιλείας
841 761 926 837 ὄντος
947 760 1164 828 ’1ουστινιανοῶ

150 863 201 915 τοῦ
226 853 352 934 μεγάλου
374 851 425 913 καὶ
450 848 658 933 Ἀναστασίου,
685 853 751 934 περί
777 855 919 934 βροντῶν.
965 855 1023 914 inc.
1045 859 1165 916 πολλῶν

149 941 200 1003 καὶ
226 939 301 1023 ὑπὲρ
328 940 460 1023 ἀριθμὸν
488 941 582 1004 ὄντων
611 942 665 1003 ὅσα
692 948 753 1015 τοῖς
777 947 916 1020 φυσικοῖς
938 941 1005 1022 περί
1028 944 1165 1023 βροντῶν

123 1104 124 1107 ¹
151 1029 248 1091 ἐδόκει
271 1022 304 1112 (i.
324 1051 348 1091 e.
369 1032 525 1091 exordium
548 1033 655 1109 capitis
679 1024 751 1114 21),
780 1032 838 1092 das.
862 1029 939 1111 ἀνὴρ
963 1031 1090 1105 δυνατὸς
1112 1031 1165 1093 καὶ

151 1118 245 1200 βαρὺς
267 1124 329 1192 τοῖς
351 1119 520 1200 πράγμασιν
545 1115 578 1202 (i.
597 1140 621 1180 e.
641 1120 709 1180 finis
728 1121 836 1197 capitis
856 1112 922 1202 41).
955 1121 1110 1181 invenitur
1132 1123 1166 1181 in

151 1208 302 1269 codicibus
325 1209 443 1269 duobus
469 1202 503 1292 1)
526 1210 558 1269 iu
580 1213 682 1269 nostro
705 1210 818 1287 Regio
843 1211 927 1270 2381
956 1207 1010 1285 [R]
1044 1211 1097 1269 fol.
1122 1215 1166 1270 70

121 1310 124 1315 '
150 1301 321 1358 vers-71
338 1300 426 1376 rect,
452 1291 487 1379 2)
508 1299 540 1357 in
552 1298 687 1357 Veneto
706 1298 758 1357 fol.
770 1299 833 1358 282
852 1301 1050 1359 νοτε-284
1068 1294 1166 1361 vers.“

219 1386 304 1446 Duos
327 1387 425 1464 igitur
446 1387 634 1447 Parisinus
657 1387 687 1446 R
706 1389 737 1446 et
754 1385 779 1446 S
799 1387 932 1447 Hasius
956 1387 1104 1464 adhibuit,
1127 1388 1167 1448 de

153 1474 263 1552 quibus
296 1494 373 1552 quae
407 1474 517 1535 addam
547 1496 607 1536 non
637 1476 746 1554 habeo,
777 1476 835 1535 nisi
866 1476 940 1536 haec
968 1477 1043 1535 duoz
1075 1477 1113 1536 In
1135 1478 1168 1536 R

151 1564 204 1623 fol.
230 1566 271 1624 70
293 1568 469 1624 vers-71
493 1569 565 1625 rect.
589 1568 672 1625 certa
701 1565 873 1624 coniectura
900 1565 1096 1624 statuendum
1119 1570 1168 1627 est

53 1697 55 1702 -
153 1672 215 1713 non
238 1653 338 1713 omnia
360 1654 462 1730 capita
486 1655 615 1712 21-41
640 1654 715 1731 legi,
739 1653 771 1712 id
794 1655 875 1731 quod
897 1673 934 1713 ex
956 1653 1043 1713 Hasii
1065 1654 1168 1717 verbis

152 1742 242 1802 facile
266 1743 417 1820 quispiam
445 1742 590 1820 effecerit,
623 1743 675 1801 sad
707 1743 804 1801 solum
837 1761 873 1801 aa
900 1761 978 1820 quae
1005 1743 1167 1803 Palatinus

152 1822 212 1913 (Ρ)
242 1831 373 1911 exhibet,
404 1832 423 1892 i.
448 1850 471 1890 e.
501 1850 564 1908 cap.
592 1833 631 1890 ar
657 1833 689 1890 et
715 1834 769 1908 223
793 1834 931 1892 as—ac
963 1834 994 1891 α
1025 1833 1166 1890 39-41.

152 1919 269 1981 Svero
291 1924 367 1998 puto
391 1921 513 1980 fluxisse
537 1939 574 1980 ex
595 1920 799 1981 Laurentiano
818 1920 859 1998 F3
888 1938 965 1997 quae
994 1920 1074 1978 enim
1097 1939 1167 1980 eon-

151 2010 250 2068 tiuere
264 2012 414 2086 narratur,
430 2010 533 2070 eadem
547 2009 639 2068 habet
651 2009 693 2086 F3
711 2010 743 2068 in
757 2009 915 2085 scripturis
929 2009 1122 2068 consentiunt
1136 2012 1168 2069 et

154 2099 284 2173 uterque
317 2098 440 2174 explicit
471 2099 503 2156 in
535 2097 699 2157 calendarii
729 2100 758 2159 5.
785 2097 855 2157 Dec.
889 2092 1002 2175 (quode
1029 2118 1057 2158 v.
1086 2097 1168 2157 infra

154 2206 185 2262 p.
199 2176 294 2266 XIX).
326 2185 433 2262 Neque
452 2186 527 2245 satis
546 2189 686 2246 accurate
704 2186 816 2246 Hosius
834 2186 957 2246 rettulit
975 2186 1011 2245 de
1024 2185 1167 2247 Veneto

152 2273 339 2334 Marciano
365 2275 428 2333 324
454 2271 525 2350 [VJ.
566 2277 612 2334 est
634 2275 660 2334 is
684 2293 759 2334 saec.
779 2274 850 2333 XIV
873 2278 905 2334 et
928 2275 1062 2335 continet
1078 2295 1167 2352 prae-

153 2367 201 2423 ter
219 2362 404 2440 fulguralem
422 2361 589 2423 doctrinam
608 2364 743 2440 capitum
761 2356 934 2446 43—526),
955 2383 1047 2441 quam
1064 2365 1167 2425 nescio

156 2451 266 2529 quibus
289 2452 370 2511 foliis
394 2451 455 2530 legi
478 2451 590 2512 Hasius
612 2473 641 2529 p.
662 2452 722 2511 XII
748 2453 881 2512 testatur
908 2457 939 2513 et
967 2454 1069 2512 allatis
1092 2472 1168 2513 non·

155 2540 248 2600 nullis
280 2540 437 2617 scripturis
468 2541 654 2619 comprobat,
687 2540 738 2600 fol.
770 2543 833 2600 282
860 2561 988 2602 vers—
1001 2543 1064 2602 288
1089 2561 1168 2603 vers.

155 2629 230 2688 haec
259 2648 336 2706 quaa
369 2629 544 2706 diligentius
572 2649 669 2707 nuper
697 2631 833 2691 enotavit
861 2630 1045 2690 deschius
1078 2625 1167 2708 ‘Bya

158 2711 313 2777 Zeitschr.’
336 2716 365 2774 V
387 2738 416 2794 p.
432 2720 510 2778 413:
545 2709 578 2800 1)
601 2719 653 2779 fol.
680 2721 742 2779 282
766 2737 841 2780 vers.
863 2712 1005 2780 Ἰωάννου
1028 2723 1168 2798 Λαυρεν-

156 2805 221 2866 τίου
251 2805 359 2866 Λυδοῦ
393 2804 599 2884 Φιλαδελφέως
625 2805 674 2867 ἐπὶ
700 2815 759 2867 τῶν
788 2808 937 2886 βροντῶν,
965 2809 1023 2867 inc.
1050 2810 1169 2869 πολλῶν

155 2893 206 2955 καί
224 2891 298 2975 ὑπὲρ
318 2892 449 2975 ἀριθμὸν
464 2892 558 2956 ὄντων
578 2889 611 2976 (i.
627 2915 652 2954 a.
673 2915 696 2956 c.
712 2888 872 2978 21—26);
899 2889 934 2978 2)
949 2897 999 2956 fol.
1016 2899 1081 2956 284
1091 2916 1168 2958 vers.
1209 2919 1212 2924 ·

157 2983 305 3064 ἐφήμερος
328 2985 546 3066 βροντοσκοπία
567 2981 671 3060 τοπικίγ
695 2983 769 3063 πρὸς
792 2982 846 3062 τὴν
870 2983 998 3063 σελήνην
1019 2983 1093 3044 κατὰ
1115 2983 1169 3045 τὸν

156 3073 287 3153 ρωμαῖον
320 3076 465 3154 φιγοῶλου
497 3071 536 3145 ἐκ,
562 3082 614 3134 τοῦ
646 3073 769 3154 τάγητος
805 3068 878 3133 καθ’
903 3072 1061 3155 ἑρμηνείαν
1093 3073 1169 3153 πρὸς

156 3158 234 3236 λέξιν
259 3154 292 3246 (i.
308 3183 333 3222 e.
349 3163 467 3238 Nigidii
480 3163 645 3222 tonitruala
664 3181 688 3222 o.
706 3155 864 3245 27-38);
890 3156 924 3243 3)
944 3164 995 3223 fol.
1007 3165 1070 3223 287
1089 3181 1168 3223 vers,

155 3243 210 3311 'Ito
238 3250 425 3331 Λαυρεντίου
456 3247 662 3328 Φιλαδελφίυς
691 3243 780 3333 (haec
806 3244 916 3334 marg.)
947 3250 1014 3333 περί
1041 3260 1169 3330 σεισμῶν

156 3337 227 3417 μετὰ
249 3338 281 3400 τὸ
304 3339 339 3400 τὰ
361 3339 394 3401 ἐν
417 3345 457 3423 τῷ
487 3337 573 3425 ἑτέρῳ
600 3339 704 3426 βιβλίῳ
731 3338 916 3423 γεγραμμένα
943 3338 1170 3422 ἀναγεγνῶσθαι

228 3547 254 3613 6)
272 3544 343 3599 haec
360 3563 417 3600 non
431 3513 660 3601 commemoravit
673 3547 843 3600 Wr'iusohius
862 3546 880 3600 1.
897 3565 931 3614 s.;
952 3547 1002 3600 sed
1019 3545 1075 3600 nisi
1094 3545 1168 3602 forte

156 3615 337 3671 vehementer
355 3617 444 3671 falsus
464 3620 507 3671 est
525 3617 641 3687 Hasins,
662 3619 696 3671 de
714 3633 744 3671 ra
764 3618 894 3672 dubitare
913 3617 1062 3672 nonlicet.
