<?xml version="1.0" encoding="UTF-8"?>
<!DOCTYPE html PUBLIC "-//W3C//DTD XHTML 1.0 Transitional//EN"
    "http://www.w3.org/TR/xhtml1/DTD/xhtml1-transitional.dtd">
<html xmlns="http://www.w3.org/1999/xhtml" xml:lang="en" lang="en">
 <head>
  <title>
</title>
<meta http-equiv="Content-Type" content="text/html;charset=utf-8" />
  <meta name='ocr-system' content='tesseract 3.04.00' />
  <meta name='ocr-capabilities' content='ocr_page ocr_carea ocr_par ocr_line ocrx_word'/>
</head>
<body>
  <div class='ocr_page' id='page_1' title='image "./joanneslaurenti00wachgoog_0101.png"; bbox 0 0 2490 4124; ppageno 0'>
   <div class='ocr_carea' id='block_1_1' title="bbox 110 250 789 315">
    <p class='ocr_par' dir='ltr' id='par_1_1' title="bbox 110 250 789 315">
     <span class='ocr_line' id='line_1_1' title="bbox 110 250 789 315; baseline 0.006 -14"><span class='ocrx_word' id='word_1_1' title='bbox 110 251 155 315; x_wconf 78' lang='lat'><strong><em>24</em></strong></span> <span class='ocrx_word' id='word_1_2' title='bbox 442 250 530 303; x_wconf 87' lang='lat' dir='ltr'><strong><em>LYDI</em></strong></span> <span class='ocrx_word' id='word_1_3' title='bbox 547 250 595 303; x_wconf 85' lang='lat' dir='ltr'><strong><em>DE</em></strong></span> <span class='ocrx_word' id='word_1_4' title='bbox 616 250 789 305; x_wconf 81' lang='lat' dir='ltr'>OSTENTIS</span> 
     </span>
    </p>
   </div>
   <div class='ocr_carea' id='block_1_2' title="bbox 20 413 1169 1988">
    <p class='ocr_par' dir='ltr' id='par_1_2' title="bbox 110 413 1122 820">
     <span class='ocr_line' id='line_1_2' title="bbox 112 413 1118 499; baseline 0.003 -21"><span class='ocrx_word' id='word_1_5' title='bbox 112 413 289 497; x_wconf 77' lang='grc' dir='ltr'><strong><em>ἐκλάμπειν</em></strong></span> <span class='ocrx_word' id='word_1_6' title='bbox 320 414 379 477; x_wconf 89' lang='grc' dir='ltr'><strong><em>τὸν</em></strong></span> <span class='ocrx_word' id='word_1_7' title='bbox 406 414 516 496; x_wconf 79' lang='grc' dir='ltr'><strong><em>ήλιον,</em></strong></span> <span class='ocrx_word' id='word_1_8' title='bbox 549 413 743 479; x_wconf 84' lang='grc' dir='ltr'><strong><em>έκδαπανῶν</em></strong></span> <span class='ocrx_word' id='word_1_9' title='bbox 770 417 811 478; x_wconf 88' lang='grc' dir='ltr'><strong><em>τά</em></strong></span> <span class='ocrx_word' id='word_1_10' title='bbox 836 417 1040 499; x_wconf 80' lang='grc' dir='ltr'><strong><em>πυκνώματα</em></strong></span> <span class='ocrx_word' id='word_1_11' title='bbox 1065 415 1118 481; x_wconf 80' lang='grc' dir='ltr'><strong><em>καὶ</em></strong></span> 
     </span>
     <span class='ocr_line' id='line_1_3' title="bbox 111 520 1120 608; baseline 0.002 -23"><span class='ocrx_word' id='word_1_12' title='bbox 111 528 157 608; x_wconf 75' lang='grc' dir='ltr'><strong><em>τῷ</em></strong></span> <span class='ocrx_word' id='word_1_13' title='bbox 180 525 286 606; x_wconf 77' lang='grc' dir='ltr'><strong><em>λεπτῷ</em></strong></span> <span class='ocrx_word' id='word_1_14' title='bbox 309 528 369 584; x_wconf 88' lang='grc' dir='ltr'><strong><em>τοῦ</em></strong></span> <span class='ocrx_word' id='word_1_15' title='bbox 392 520 578 603; x_wconf 89' lang='grc' dir='ltr'><strong><em>πνεύματος</em></strong></span> <span class='ocrx_word' id='word_1_16' title='bbox 600 522 660 603; x_wconf 84' lang='grc' dir='ltr'><strong><em>τήν</em></strong></span> <span class='ocrx_word' id='word_1_17' title='bbox 682 521 853 605; x_wconf 89' lang='grc' dir='ltr'><strong><em>ὑπήνεμον</em></strong></span> <span class='ocrx_word' id='word_1_18' title='bbox 871 524 996 605; x_wconf 90' lang='grc' dir='ltr'><strong><em>ταύτην</em></strong></span> <span class='ocrx_word' id='word_1_19' title='bbox 1015 524 1120 606; x_wconf 82' lang='grc' dir='ltr'><em>ζώνην</em></span> 
     </span>
     <span class='ocr_line' id='line_1_4' title="bbox 111 625 1122 714; baseline 0.002 -22"><span class='ocrx_word' id='word_1_20' title='bbox 111 625 167 692; x_wconf 79' lang='grc' dir='ltr'><strong><em>καὶ</em></strong></span> <span class='ocrx_word' id='word_1_21' title='bbox 193 631 320 711; x_wconf 84' lang='grc' dir='ltr'><strong><em>μᾶλλον</em></strong></span> <span class='ocrx_word' id='word_1_22' title='bbox 347 627 408 709; x_wconf 87' lang='grc' dir='ltr'><strong><em>τήν</em></strong></span> <span class='ocrx_word' id='word_1_23' title='bbox 434 626 517 710; x_wconf 88' lang='grc' dir='ltr'><strong><em>πρὸς</em></strong></span> <span class='ocrx_word' id='word_1_24' title='bbox 543 625 628 710; x_wconf 82' lang='grc' dir='ltr'><strong><em>ἡμᾶς</em></strong></span> <span class='ocrx_word' id='word_1_25' title='bbox 658 627 868 713; x_wconf 75' lang='grc' dir='ltr'><strong><em>ἐκκαθαίρων</em></strong></span> <span class='ocrx_word' id='word_1_26' title='bbox 896 653 930 693; x_wconf 92' lang='grc' dir='ltr'><strong><em>τε</em></strong></span> <span class='ocrx_word' id='word_1_27' title='bbox 957 628 1015 694; x_wconf 77' lang='grc' dir='ltr'><strong><em>καὶ</em></strong></span> <span class='ocrx_word' id='word_1_28' title='bbox 1042 634 1122 714; x_wconf 88' lang='grc' dir='ltr'><strong><em>λαμ-</em></strong></span> 
     </span>
     <span class='ocr_line' id='line_1_5' title="bbox 110 731 412 820; baseline -0.007 -22"><span class='ocrx_word' id='word_1_29' title='bbox 110 731 275 820; x_wconf 78' lang='grc' dir='ltr'><strong><em>προτέραν</em></strong></span> <span class='ocrx_word' id='word_1_30' title='bbox 297 743 412 797; x_wconf 90' lang='grc' dir='ltr'><strong><em>ποιῶν.</em></strong></span> 
     </span>
    </p>

    <p class='ocr_par' dir='ltr' id='par_1_3' title="bbox 20 836 1169 1988">
     <span class='ocr_line' id='line_1_6' title="bbox 179 836 1169 926; baseline 0.006 -23"><span class='ocrx_word' id='word_1_31' title='bbox 179 840 220 904; x_wconf 78' lang='lat'><strong><em>9⁰.</em></strong></span> <span class='ocrx_word' id='word_1_32' title='bbox 254 837 288 902; x_wconf 90' lang='lat'><strong><em>‘0</em></strong></span> <span class='ocrx_word' id='word_1_33' title='bbox 311 837 351 902; x_wconf 89' lang='grc' dir='ltr'><strong><em>δέ</em></strong></span> <span class='ocrx_word' id='word_1_34' title='bbox 371 861 409 921; x_wconf 96' lang='grc' dir='ltr'><strong><em>γε</em></strong></span> <span class='ocrx_word' id='word_1_35' title='bbox 428 836 583 921; x_wconf 85' lang='grc' dir='ltr'><strong><em>Ῥωμαῖος</em></strong></span> <span class='ocrx_word' id='word_1_36' title='bbox 606 838 881 926; x_wconf 87' lang='grc' dir='ltr'><strong><em>Καμπέστριος</em></strong></span> <span class='ocrx_word' id='word_1_37' title='bbox 903 852 975 919; x_wconf 78' lang='grc' dir='ltr'><strong><em>ταῖς</em></strong></span> <span class='ocrx_word' id='word_1_38' title='bbox 999 848 1124 909; x_wconf 89' lang='grc' dir='ltr'><strong><em>Πετο-</em></strong></span> <span class='ocrx_word' id='word_1_39' title='bbox 1161 888 1169 908; x_wconf 57' lang='grc' dir='ltr'><strong><em>ι</em></strong></span> 
     </span>
     <span class='ocr_line' id='line_1_7' title="bbox 112 943 1124 1035; baseline 0.004 -24"><span class='ocrx_word' id='word_1_40' title='bbox 112 955 312 1033; x_wconf 85' lang='grc' dir='ltr'><strong><em>σιριακαῐς</em></strong></span> <span class='ocrx_word' id='word_1_41' title='bbox 335 943 386 1031; x_wconf 80' lang='lat' dir='ltr'><strong>(fr.</strong></span> <span class='ocrx_word' id='word_1_42' title='bbox 406 945 425 1009; x_wconf 87' lang='lat'>8</span> <span class='ocrx_word' id='word_1_43' title='bbox 450 945 496 1008; x_wconf 87' lang='lat' dir='ltr'><strong><em>ed.</em></strong></span> <span class='ocrx_word' id='word_1_44' title='bbox 518 944 619 1008; x_wconf 78' lang='lat' dir='ltr'><strong>Riess.</strong></span> <span class='ocrx_word' id='word_1_45' title='bbox 639 969 670 1029; x_wconf 93' lang='lat' dir='ltr'><strong><em>p.</em></strong></span> <span class='ocrx_word' id='word_1_46' title='bbox 690 944 769 1033; x_wconf 78' lang='lat'>342)</span> <span class='ocrx_word' id='word_1_47' title='bbox 795 947 995 1013; x_wconf 88' lang='grc' dir='ltr'><strong><em>ἀκολουθῶν</em></strong></span> <span class='ocrx_word' id='word_1_48' title='bbox 1018 972 1124 1035; x_wconf 90' lang='grc' dir='ltr'><strong><em>παρα-</em></strong></span> 
     </span>
     <span class='ocr_line' id='line_1_8' title="bbox 20 1050 1126 1140; baseline 0.005 -24"><span class='ocrx_word' id='word_1_49' title='bbox 20 1093 25 1101; x_wconf 92' lang='lat'>·</span> <span class='ocrx_word' id='word_1_50' title='bbox 112 1054 226 1117; x_wconf 84' lang='grc' dir='ltr'><strong><em>δόσεσι</em></strong></span> <span class='ocrx_word' id='word_1_51' title='bbox 244 1050 343 1135; x_wconf 77' lang='grc' dir='ltr'><strong><em>λέγει,</em></strong></span> <span class='ocrx_word' id='word_1_52' title='bbox 367 1052 412 1128; x_wconf 82' lang='grc' dir='ltr'><strong><em>ὡς</em></strong></span> <span class='ocrx_word' id='word_1_53' title='bbox 429 1050 649 1137; x_wconf 75' lang='grc' dir='ltr'><strong><em>ἀργυροειδής</em></strong></span> <span class='ocrx_word' id='word_1_54' title='bbox 666 1050 722 1116; x_wconf 81' lang='grc' dir='ltr'><strong><em>καλ</em></strong></span> <span class='ocrx_word' id='word_1_55' title='bbox 743 1052 954 1140; x_wconf 90' lang='grc' dir='ltr'><strong><em>ἀμβλύχρους</em></strong></span> <span class='ocrx_word' id='word_1_56' title='bbox 973 1055 991 1120; x_wconf 93' lang='lat'>6</span> <span class='ocrx_word' id='word_1_57' title='bbox 1010 1058 1126 1139; x_wconf 88' lang='grc' dir='ltr'><strong><em>ήλιος</em></strong></span> 
     </span>
     <span class='ocr_line' id='line_1_9' title="bbox 112 1154 1125 1247; baseline 0.005 -25"><span class='ocrx_word' id='word_1_58' title='bbox 112 1158 258 1242; x_wconf 79' lang='grc' dir='ltr'><strong><em>ἀνίσχων</em></strong></span> <span class='ocrx_word' id='word_1_59' title='bbox 289 1156 309 1240; x_wconf 84' lang='grc' dir='ltr'><strong><em>ή</em></strong></span> <span class='ocrx_word' id='word_1_60' title='bbox 342 1157 448 1243; x_wconf 84' lang='grc' dir='ltr'><strong><em>ὠχρὸς</em></strong></span> <span class='ocrx_word' id='word_1_61' title='bbox 475 1155 550 1240; x_wconf 86' lang='grc' dir='ltr'><strong><em>μέν,</em></strong></span> <span class='ocrx_word' id='word_1_62' title='bbox 583 1156 667 1234; x_wconf 80' lang='grc' dir='ltr'><strong><em>ὅλως</em></strong></span> <span class='ocrx_word' id='word_1_63' title='bbox 695 1154 732 1222; x_wconf 71' lang='grc' dir='ltr'><strong><em>δὲ</em></strong></span> <span class='ocrx_word' id='word_1_64' title='bbox 758 1158 935 1243; x_wconf 79' lang='grc' dir='ltr'><strong><em>ὑπομένων</em></strong></span> <span class='ocrx_word' id='word_1_65' title='bbox 963 1159 1125 1247; x_wconf 81' lang='grc' dir='ltr'><strong><em>ὁρᾶσθαι,</em></strong></span> 
     </span>
     <span class='ocr_line' id='line_1_10' title="bbox 111 1261 1126 1352; baseline 0.007 -24"><span class='ocrx_word' id='word_1_66' title='bbox 111 1263 276 1347; x_wconf 79' lang='grc' dir='ltr'><strong><em>πολέμους</em></strong></span> <span class='ocrx_word' id='word_1_67' title='bbox 302 1261 358 1327; x_wconf 78' lang='grc' dir='ltr'><strong><em>καὶ</em></strong></span> <span class='ocrx_word' id='word_1_68' title='bbox 385 1264 560 1349; x_wconf 81' lang='grc' dir='ltr'><strong><em>συμφοράς</em></strong></span> <span class='ocrx_word' id='word_1_69' title='bbox 586 1262 641 1328; x_wconf 82' lang='grc' dir='ltr'><strong><em>καὶ</em></strong></span> <span class='ocrx_word' id='word_1_70' title='bbox 669 1265 838 1348; x_wconf 80' lang='grc' dir='ltr'><strong><em>διχονοίας</em></strong></span> <span class='ocrx_word' id='word_1_71' title='bbox 865 1264 920 1330; x_wconf 78' lang='grc' dir='ltr'><strong><em>καὶ</em></strong></span> <span class='ocrx_word' id='word_1_72' title='bbox 947 1271 1126 1352; x_wconf 74' lang='grc' dir='ltr'><strong><em>θορύβους</em></strong></span> 
     </span>
     <span class='ocr_line' id='line_1_11' title="bbox 111 1368 1160 1461; baseline 0.005 -25"><span class='ocrx_word' id='word_1_73' title='bbox 111 1369 166 1436; x_wconf 78' lang='grc' dir='ltr'><strong><em>καὶ</em></strong></span> <span class='ocrx_word' id='word_1_74' title='bbox 199 1371 329 1446; x_wconf 80' lang='grc' dir='ltr'><strong><em>στάσεις</em></strong></span> <span class='ocrx_word' id='word_1_75' title='bbox 361 1369 494 1454; x_wconf 91' lang='grc' dir='ltr'><strong><em>ἀνδρῶν</em></strong></span> <span class='ocrx_word' id='word_1_76' title='bbox 524 1368 668 1447; x_wconf 76' lang='grc' dir='ltr'><strong><em>ἐνδόξων</em></strong></span> <span class='ocrx_word' id='word_1_77' title='bbox 695 1369 750 1435; x_wconf 81' lang='grc' dir='ltr'><strong><em>καὶ</em></strong></span> <span class='ocrx_word' id='word_1_78' title='bbox 777 1371 943 1454; x_wconf 88' lang='grc' dir='ltr'><strong><em>βασιλέων</em></strong></span> <span class='ocrx_word' id='word_1_79' title='bbox 969 1378 1125 1461; x_wconf 91' lang='grc' dir='ltr'><strong><em>θρήνους</em></strong></span> <span class='ocrx_word' id='word_1_80' title='bbox 1139 1409 1160 1447; x_wconf 78' lang='lat'><strong><em>10</em></strong></span> 
     </span>
     <span class='ocr_line' id='line_1_12' title="bbox 111 1474 1126 1566; baseline 0.004 -23"><span class='ocrx_word' id='word_1_81' title='bbox 111 1475 167 1543; x_wconf 81' lang='grc' dir='ltr'><strong><em>καὶ</em></strong></span> <span class='ocrx_word' id='word_1_82' title='bbox 195 1486 416 1559; x_wconf 81' lang='grc' dir='ltr'><strong><em>συκοφαντῶν</em></strong></span> <span class='ocrx_word' id='word_1_83' title='bbox 442 1474 497 1541; x_wconf 79' lang='grc' dir='ltr'><strong><em>καὶ</em></strong></span> <span class='ocrx_word' id='word_1_84' title='bbox 519 1487 677 1563; x_wconf 82' lang='grc' dir='ltr'><strong><em>πονηρῶν</em></strong></span> <span class='ocrx_word' id='word_1_85' title='bbox 700 1477 891 1564; x_wconf 83' lang='grc' dir='ltr'><strong><em>ἀνθρώπων</em></strong></span> <span class='ocrx_word' id='word_1_86' title='bbox 914 1479 1126 1566; x_wconf 80' lang='grc' dir='ltr'><strong><em>εὐτυχήματα</em></strong></span> 
     </span>
     <span class='ocr_line' id='line_1_13' title="bbox 111 1581 1126 1672; baseline 0.005 -24"><span class='ocrx_word' id='word_1_87' title='bbox 111 1582 167 1648; x_wconf 77' lang='grc' dir='ltr'><strong><em>καὶ</em></strong></span> <span class='ocrx_word' id='word_1_88' title='bbox 191 1581 344 1647; x_wconf 79' lang='grc' dir='ltr'><strong><em>ἐπιεικῶν</em></strong></span> <span class='ocrx_word' id='word_1_89' title='bbox 367 1582 521 1667; x_wconf 81' lang='grc' dir='ltr'><strong><em>ἀστοχίας</em></strong></span> <span class='ocrx_word' id='word_1_90' title='bbox 543 1581 597 1647; x_wconf 81' lang='grc' dir='ltr'><strong><em>καὶ</em></strong></span> <span class='ocrx_word' id='word_1_91' title='bbox 621 1588 766 1666; x_wconf 83' lang='grc' dir='ltr'><strong><em>λογικῶν</em></strong></span> <span class='ocrx_word' id='word_1_92' title='bbox 783 1585 898 1670; x_wconf 83' lang='grc' dir='ltr'><strong><em>ὕβρεις</em></strong></span> <span class='ocrx_word' id='word_1_93' title='bbox 916 1585 972 1650; x_wconf 81' lang='grc' dir='ltr'><strong><em>καὶ</em></strong></span> <span class='ocrx_word' id='word_1_94' title='bbox 991 1587 1126 1672; x_wconf 84' lang='grc' dir='ltr'><strong><em>ἀτιμίας</em></strong></span> 
     </span>
     <span class='ocr_line' id='line_1_14' title="bbox 113 1687 1126 1781; baseline 0.005 -26"><span class='ocrx_word' id='word_1_95' title='bbox 113 1692 222 1774; x_wconf 83' lang='grc' dir='ltr'><strong><em>δηλοῖ·</em></strong></span> <span class='ocrx_word' id='word_1_96' title='bbox 245 1690 328 1776; x_wconf 89' lang='grc' dir='ltr'><strong><em>πρὸς</em></strong></span> <span class='ocrx_word' id='word_1_97' title='bbox 351 1687 391 1752; x_wconf 89' lang='grc' dir='ltr'><strong><em>δέ</em></strong></span> <span class='ocrx_word' id='word_1_98' title='bbox 411 1712 448 1771; x_wconf 93' lang='grc' dir='ltr'><strong><em>γε</em></strong></span> <span class='ocrx_word' id='word_1_99' title='bbox 471 1691 602 1766; x_wconf 84' lang='grc' dir='ltr'><strong><em>τούτοις</em></strong></span> <span class='ocrx_word' id='word_1_100' title='bbox 626 1691 801 1774; x_wconf 83' lang='grc' dir='ltr'><strong><em>δημεύσεις</em></strong></span> <span class='ocrx_word' id='word_1_101' title='bbox 823 1715 858 1755; x_wconf 89' lang='grc' dir='ltr'><strong><em>τε</em></strong></span> <span class='ocrx_word' id='word_1_102' title='bbox 881 1703 948 1756; x_wconf 92' lang='grc' dir='ltr'><strong><em>τῶν</em></strong></span> <span class='ocrx_word' id='word_1_103' title='bbox 969 1692 1126 1781; x_wconf 84' lang='grc' dir='ltr'><strong><em>εὐπατρι-</em></strong></span> 
     </span>
     <span class='ocr_line' id='line_1_15' title="bbox 113 1795 1125 1886; baseline 0.004 -24"><span class='ocrx_word' id='word_1_104' title='bbox 113 1800 183 1862; x_wconf 87' lang='grc' dir='ltr'><strong><em>δῶν</em></strong></span> <span class='ocrx_word' id='word_1_105' title='bbox 204 1795 259 1861; x_wconf 78' lang='grc' dir='ltr'><strong><em>καὶ</em></strong></span> <span class='ocrx_word' id='word_1_106' title='bbox 283 1795 492 1882; x_wconf 89' lang='grc' dir='ltr'><strong><em>ἀφορισμοὺς</em></strong></span> <span class='ocrx_word' id='word_1_107' title='bbox 514 1795 569 1860; x_wconf 78' lang='grc' dir='ltr'><strong><em>καὶ</em></strong></span> <span class='ocrx_word' id='word_1_108' title='bbox 590 1798 775 1880; x_wconf 78' lang='grc' dir='ltr'><strong><em>καθολικὴν</em></strong></span> <span class='ocrx_word' id='word_1_109' title='bbox 795 1799 917 1862; x_wconf 91' lang='grc' dir='ltr'><strong><em>σπάνιν</em></strong></span> <span class='ocrx_word' id='word_1_110' title='bbox 935 1810 1002 1863; x_wconf 89' lang='grc' dir='ltr'><strong><em>τῶν</em></strong></span> <span class='ocrx_word' id='word_1_111' title='bbox 1022 1800 1125 1886; x_wconf 90' lang='grc' dir='ltr'><strong><em>ἀναγ-</em></strong></span> 
     </span>
     <span class='ocr_line' id='line_1_16' title="bbox 112 1900 1165 1988; baseline 0.005 -19"><span class='ocrx_word' id='word_1_112' title='bbox 112 1907 226 1988; x_wconf 80' lang='grc' dir='ltr'><strong><em>καίων,</em></strong></span> <span class='ocrx_word' id='word_1_113' title='bbox 249 1904 380 1978; x_wconf 89' lang='grc' dir='ltr'><strong><em>στάσεις</em></strong></span> <span class='ocrx_word' id='word_1_114' title='bbox 402 1925 437 1966; x_wconf 91' lang='grc' dir='ltr'><strong><em>τε</em></strong></span> <span class='ocrx_word' id='word_1_115' title='bbox 459 1900 514 1966; x_wconf 83' lang='grc' dir='ltr'><strong><em>καὶ</em></strong></span> <span class='ocrx_word' id='word_1_116' title='bbox 537 1904 679 1988; x_wconf 88' lang='grc' dir='ltr'><strong><em>πατράσι</em></strong></span> <span class='ocrx_word' id='word_1_117' title='bbox 702 1905 785 1988; x_wconf 92' lang='grc' dir='ltr'><strong><em>πρὸς</em></strong></span> <span class='ocrx_word' id='word_1_118' title='bbox 807 1906 928 1981; x_wconf 85' lang='grc' dir='ltr'><strong><em>παῖδας</em></strong></span> <span class='ocrx_word' id='word_1_119' title='bbox 945 1904 1000 1970; x_wconf 81' lang='grc' dir='ltr'><strong><em>καὶ</em></strong></span> <span class='ocrx_word' id='word_1_120' title='bbox 1021 1904 1126 1987; x_wconf 81' lang='grc' dir='ltr'><strong><em>αὖθις</em></strong></span> <span class='ocrx_word' id='word_1_121' title='bbox 1140 1941 1165 1980; x_wconf 78' lang='lat'><strong><em>15</em></strong></span> 
     </span>
    </p>
   </div>
   <div class='ocr_carea' id='block_1_3' title="bbox 113 2129 1127 2629">
    <p class='ocr_par' dir='ltr' id='par_1_4' title="bbox 113 2129 1127 2629">
     <span class='ocr_line' id='line_1_17' title="bbox 184 2129 1127 2210; baseline 0.006 -26"><span class='ocrx_word' id='word_1_122' title='bbox 184 2131 202 2184; x_wconf 74' lang='lat'><strong>2</strong></span> <span class='ocrx_word' id='word_1_123' title='bbox 220 2131 325 2198; x_wconf 90' lang='grc' dir='ltr'><strong><em>ταύτην</em></strong></span> <span class='ocrx_word' id='word_1_124' title='bbox 344 2129 408 2182; x_wconf 83' lang='lat' dir='ltr'>add.</span> <span class='ocrx_word' id='word_1_125' title='bbox 423 2130 452 2182; x_wconf 92' lang='lat' dir='ltr'><em>D</em></span> <span class='ocrx_word' id='word_1_126' title='bbox 469 2132 473 2198; x_wconf 66' lang='grc' dir='ltr'><strong><em>λ</em></strong></span> <span class='ocrx_word' id='word_1_127' title='bbox 489 2130 579 2197; x_wconf 81' lang='grc' dir='ltr'><strong><em>ζώνην</em></strong></span> <span class='ocrx_word' id='word_1_128' title='bbox 598 2130 763 2200; x_wconf 66' lang='grc' dir='ltr'><strong><em>εοιάρεοοεπσ</em></strong></span> <span class='ocrx_word' id='word_1_129' title='bbox 780 2148 830 2200; x_wconf 88' lang='lat' dir='ltr'><strong><em>pro</em></strong></span> <span class='ocrx_word' id='word_1_130' title='bbox 845 2131 918 2200; x_wconf 78' lang='grc' dir='ltr'><strong><em>ζωὴν</em></strong></span> <span class='ocrx_word' id='word_1_131' title='bbox 931 2135 960 2187; x_wconf 74' lang='lat' dir='ltr'><strong><em>et</em></strong></span> <span class='ocrx_word' id='word_1_132' title='bbox 974 2133 1062 2189; x_wconf 73' lang='lat' dir='ltr'>habet</span> <span class='ocrx_word' id='word_1_133' title='bbox 1076 2138 1127 2210; x_wconf 65' lang='lat' dir='ltr'><strong><em>Dss</em></strong></span> 
     </span>
     <span class='ocr_line' id='line_1_18' title="bbox 113 2199 1124 2272; baseline 0.006 -16"><span class='ocrx_word' id='word_1_134' title='bbox 113 2202 202 2271; x_wconf 72' lang='grc' dir='ltr'><strong><em>θτήν</em></strong></span> <span class='ocrx_word' id='word_1_135' title='bbox 221 2218 273 2255; x_wconf 92' lang='lat' dir='ltr'><strong><em>om.</em></strong></span> <span class='ocrx_word' id='word_1_136' title='bbox 288 2203 318 2255; x_wconf 92' lang='lat' dir='ltr'><em>D</em></span> <span class='ocrx_word' id='word_1_137' title='bbox 335 2202 339 2272; x_wconf 59' lang='lat' dir='ltr'><strong><em>J</em></strong></span> <span class='ocrx_word' id='word_1_138' title='bbox 355 2219 384 2255; x_wconf 86' lang='grc' dir='ltr'><strong><em>τε</em></strong></span> <span class='ocrx_word' id='word_1_139' title='bbox 404 2199 467 2254; x_wconf 84' lang='lat' dir='ltr'>add.</span> <span class='ocrx_word' id='word_1_140' title='bbox 483 2201 513 2255; x_wconf 90' lang='lat' dir='ltr'><em>D</em></span> <span class='ocrx_word' id='word_1_141' title='bbox 526 2203 536 2270; x_wconf 84' lang='grc' dir='ltr'><strong><em>ΙΙ</em></strong></span> <span class='ocrx_word' id='word_1_142' title='bbox 550 2201 642 2256; x_wconf 73' lang='lat'>5-15</span> <span class='ocrx_word' id='word_1_143' title='bbox 661 2201 691 2254; x_wconf 91' lang='lat' dir='ltr'><strong><em>in</em></strong></span> <span class='ocrx_word' id='word_1_144' title='bbox 710 2202 770 2255; x_wconf 82' lang='lat' dir='ltr'>cod.</span> <span class='ocrx_word' id='word_1_145' title='bbox 785 2203 898 2256; x_wconf 81' lang='lat' dir='ltr'>Baroec.</span> <span class='ocrx_word' id='word_1_146' title='bbox 916 2209 967 2257; x_wconf 82' lang='lat'><strong><em>194</em></strong></span> <span class='ocrx_word' id='word_1_147' title='bbox 982 2205 1032 2260; x_wconf 83' lang='lat' dir='ltr'><strong>fol.</strong></span> <span class='ocrx_word' id='word_1_148' title='bbox 1048 2213 1083 2261; x_wconf 80' lang='lat'><strong><em>87</em></strong></span> <span class='ocrx_word' id='word_1_149' title='bbox 1098 2227 1124 2262; x_wconf 82' lang='lat' dir='ltr'><strong><em>v.</em></strong></span> 
     </span>
     <span class='ocr_line' id='line_1_19' title="bbox 113 2271 1126 2348; baseline 0.003 -20"><span class='ocrx_word' id='word_1_150' title='bbox 113 2276 186 2328; x_wconf 75' lang='lat' dir='ltr'>teste</span> <span class='ocrx_word' id='word_1_151' title='bbox 206 2272 334 2326; x_wconf 79' lang='lat' dir='ltr'>Cramero</span> <span class='ocrx_word' id='word_1_152' title='bbox 353 2271 371 2325; x_wconf 90' lang='grc'><strong><em>1.</em></strong></span> <span class='ocrx_word' id='word_1_153' title='bbox 392 2288 412 2323; x_wconf 86' lang='lat' dir='ltr'><strong><em>s.</em></strong></span> <span class='ocrx_word' id='word_1_154' title='bbox 432 2289 459 2340; x_wconf 88' lang='lat' dir='ltr'><strong><em>p.</em></strong></span> <span class='ocrx_word' id='word_1_155' title='bbox 474 2276 527 2325; x_wconf 83' lang='lat'><strong><em>404</em></strong></span> <span class='ocrx_word' id='word_1_156' title='bbox 549 2275 607 2326; x_wconf 75' lang='lat' dir='ltr'><strong>not.</strong></span> <span class='ocrx_word' id='word_1_157' title='bbox 627 2273 646 2325; x_wconf 88' lang='lat' dir='ltr'>b</span> <span class='ocrx_word' id='word_1_158' title='bbox 666 2272 706 2326; x_wconf 82' lang='lat' dir='ltr'><strong><em>sic</em></strong></span> <span class='ocrx_word' id='word_1_159' title='bbox 724 2272 868 2342; x_wconf 77' lang='lat' dir='ltr'><strong>leguntur:</strong></span> <span class='ocrx_word' id='word_1_160' title='bbox 889 2273 904 2328; x_wconf 85' lang='lat'>6</span> <span class='ocrx_word' id='word_1_161' title='bbox 923 2273 949 2329; x_wconf 88' lang='grc' dir='ltr'><strong><em>δ’</em></strong></span> <span class='ocrx_word' id='word_1_162' title='bbox 973 2275 1003 2330; x_wconf 79' lang='grc' dir='ltr'><strong><em>ἐκ</em></strong></span> <span class='ocrx_word' id='word_1_163' title='bbox 1019 2276 1126 2348; x_wconf 83' lang='grc' dir='ltr'><strong><em>Ῥώμης</em></strong></span> 
     </span>
     <span class='ocr_line' id='line_1_20' title="bbox 113 2341 1125 2434; baseline 0.005 -35"><span class='ocrx_word' id='word_1_164' title='bbox 113 2343 307 2434; x_wconf 85' lang='grc' dir='ltr'><strong><em>Καμπέστριος</em></strong></span> <span class='ocrx_word' id='word_1_165' title='bbox 329 2341 442 2412; x_wconf 86' lang='grc' dir='ltr'><strong><em>γράψας</em></strong></span> <span class='ocrx_word' id='word_1_166' title='bbox 465 2341 495 2396; x_wconf 78' lang='grc' dir='ltr'><strong><em>ἐκ</em></strong></span> <span class='ocrx_word' id='word_1_167' title='bbox 513 2341 684 2413; x_wconf 83' lang='grc' dir='ltr'><strong><em>Πετοσίρους</em></strong></span> <span class='ocrx_word' id='word_1_168' title='bbox 707 2341 775 2398; x_wconf 79' lang='grc' dir='ltr'><strong><em>ὅταν</em></strong></span> <span class='ocrx_word' id='word_1_169' title='bbox 798 2343 920 2415; x_wconf 81' lang='grc' dir='ltr'><strong><em>ἀνίσχων</em></strong></span> <span class='ocrx_word' id='word_1_170' title='bbox 942 2345 1020 2417; x_wconf 85' lang='grc' dir='ltr'><strong><em>ήλιος</em></strong></span> <span class='ocrx_word' id='word_1_171' title='bbox 1038 2350 1125 2419; x_wconf 87' lang='grc' dir='ltr'><strong><em>ἀργυ-</em></strong></span> 
     </span>
     <span class='ocr_line' id='line_1_21' title="bbox 114 2411 1126 2489; baseline 0.005 -19"><span class='ocrx_word' id='word_1_172' title='bbox 114 2417 205 2484; x_wconf 83' lang='grc' dir='ltr'><strong><em>ρύδης</em></strong></span> <span class='ocrx_word' id='word_1_173' title='bbox 227 2434 281 2469; x_wconf 87' lang='grc' dir='ltr'><strong><em>καν</em></strong></span> <span class='ocrx_word' id='word_1_174' title='bbox 305 2412 320 2466; x_wconf 98' lang='lat'>6</span> <span class='ocrx_word' id='word_1_175' title='bbox 344 2411 423 2482; x_wconf 89' lang='grc' dir='ltr'><strong><em>λόγος</em></strong></span> <span class='ocrx_word' id='word_1_176' title='bbox 446 2415 525 2482; x_wconf 80' lang='lat' dir='ltr'>(corr.</span> <span class='ocrx_word' id='word_1_177' title='bbox 550 2413 648 2484; x_wconf 85' lang='grc' dir='ltr'><strong><em>ὠχρὸς)</em></strong></span> <span class='ocrx_word' id='word_1_178' title='bbox 671 2412 898 2487; x_wconf 77' lang='grc' dir='ltr'><strong><em>ἣάμβλυόχρους</em></strong></span> <span class='ocrx_word' id='word_1_179' title='bbox 917 2415 1027 2488; x_wconf 80' lang='grc' dir='ltr'><strong><em>ὀλίγους</em></strong></span> <span class='ocrx_word' id='word_1_180' title='bbox 1045 2422 1126 2489; x_wconf 69' lang='grc' dir='ltr'><strong><em>(ουλε</em></strong></span> 
     </span>
     <span class='ocr_line' id='line_1_22' title="bbox 114 2479 1124 2558; baseline 0.007 -18"><span class='ocrx_word' id='word_1_181' title='bbox 114 2487 224 2555; x_wconf 89' lang='grc' dir='ltr'><strong><em>ὀλίγους</em></strong></span> <span class='ocrx_word' id='word_1_182' title='bbox 243 2485 315 2538; x_wconf 82' lang='lat' dir='ltr'>adde</span> <span class='ocrx_word' id='word_1_183' title='bbox 335 2485 395 2554; x_wconf 79' lang='grc' dir='ltr'><strong><em>οὐχ)</em></strong></span> <span class='ocrx_word' id='word_1_184' title='bbox 415 2479 495 2548; x_wconf 92' lang='grc' dir='ltr'><strong><em>οὑτος</em></strong></span> <span class='ocrx_word' id='word_1_185' title='bbox 513 2485 583 2554; x_wconf 84' lang='lat' dir='ltr'>(cod.</span> <span class='ocrx_word' id='word_1_186' title='bbox 605 2484 702 2553; x_wconf 85' lang='grc' dir='ltr'><strong><em>οὑτως)</em></strong></span> <span class='ocrx_word' id='word_1_187' title='bbox 720 2487 920 2557; x_wconf 81' lang='grc' dir='ltr'><strong><em>ὑποσημαίνων</em></strong></span> <span class='ocrx_word' id='word_1_188' title='bbox 938 2488 1076 2558; x_wconf 81' lang='grc' dir='ltr'><strong><em>πολέμους</em></strong></span> <span class='ocrx_word' id='word_1_189' title='bbox 1094 2512 1124 2547; x_wconf 88' lang='grc' dir='ltr'><strong><em>τε</em></strong></span> 
     </span>
     <span class='ocr_line' id='line_1_23' title="bbox 114 2553 1126 2629; baseline 0.007 -19"><span class='ocrx_word' id='word_1_190' title='bbox 114 2557 163 2610; x_wconf 87' lang='grc' dir='ltr'><strong><em>καὶ</em></strong></span> <span class='ocrx_word' id='word_1_191' title='bbox 189 2555 334 2625; x_wconf 83' lang='grc' dir='ltr'><strong><em>συμφορὰς</em></strong></span> <span class='ocrx_word' id='word_1_192' title='bbox 352 2553 495 2626; x_wconf 86' lang='grc' dir='ltr'><strong><em>διχονοίας</em></strong></span> <span class='ocrx_word' id='word_1_193' title='bbox 512 2557 666 2629; x_wconf 79' lang='grc' dir='ltr'><strong><em>θορύβους·</em></strong></span> <span class='ocrx_word' id='word_1_194' title='bbox 695 2555 803 2621; x_wconf 81' lang='grc' dir='ltr'><strong><em>στάσεις</em></strong></span> <span class='ocrx_word' id='word_1_195' title='bbox 821 2559 934 2627; x_wconf 88' lang='grc' dir='ltr'><strong><em>ἀνδρῶν</em></strong></span> <span class='ocrx_word' id='word_1_196' title='bbox 953 2559 1075 2626; x_wconf 76' lang='grc' dir='ltr'><strong><em>ἐνδόξων</em></strong></span> <span class='ocrx_word' id='word_1_197' title='bbox 1094 2583 1126 2618; x_wconf 84' lang='grc' dir='ltr'><strong><em>τε</em></strong></span> 
     </span>
    </p>
   </div>
   <div class='ocr_carea' id='block_1_4' title="bbox 23 2625 1126 2703">
    <p class='ocr_par' dir='ltr' id='par_1_5' title="bbox 23 2625 1126 2703">
     <span class='ocr_line' id='line_1_24' title="bbox 23 2625 1126 2703; baseline 0.007 -23"><span class='ocrx_word' id='word_1_198' title='bbox 23 2686 29 2698; x_wconf 89' lang='lat'><strong><em>.</em></strong></span> <span class='ocrx_word' id='word_1_199' title='bbox 114 2628 163 2681; x_wconf 84' lang='grc' dir='ltr'><strong><em>καὶ</em></strong></span> <span class='ocrx_word' id='word_1_200' title='bbox 186 2625 320 2698; x_wconf 84' lang='grc' dir='ltr'><strong><em>βασιλέων</em></strong></span> <span class='ocrx_word' id='word_1_201' title='bbox 343 2626 469 2696; x_wconf 81' lang='grc' dir='ltr'><strong><em>θρήνους</em></strong></span> <span class='ocrx_word' id='word_1_202' title='bbox 492 2627 561 2696; x_wconf 81' lang='lat' dir='ltr'><strong>(cod.</strong></span> <span class='ocrx_word' id='word_1_203' title='bbox 582 2626 696 2696; x_wconf 82' lang='grc' dir='ltr'><strong><em>θράσος)</em></strong></span> <span class='ocrx_word' id='word_1_204' title='bbox 716 2630 765 2682; x_wconf 80' lang='grc' dir='ltr'><strong><em>καὶ</em></strong></span> <span class='ocrx_word' id='word_1_205' title='bbox 783 2628 964 2698; x_wconf 80' lang='grc' dir='ltr'><strong><em>συκοφάντας</em></strong></span> <span class='ocrx_word' id='word_1_206' title='bbox 981 2636 1126 2703; x_wconf 85' lang='grc' dir='ltr'><strong><em>πονηροὺς</em></strong></span> 
     </span>
    </p>
   </div>
   <div class='ocr_carea' id='block_1_5' title="bbox 58 2696 1126 3694">
    <p class='ocr_par' dir='ltr' id='par_1_6' title="bbox 58 2696 1126 3694">
     <span class='ocr_line' id='line_1_25' title="bbox 114 2696 1126 2773; baseline 0.006 -21"><span class='ocrx_word' id='word_1_207' title='bbox 114 2699 163 2752; x_wconf 78' lang='grc' dir='ltr'><strong><em>καὶ</em></strong></span> <span class='ocrx_word' id='word_1_208' title='bbox 186 2696 350 2767; x_wconf 87' lang='grc' dir='ltr'><strong><em>ἀτυχήματά</em></strong></span> <span class='ocrx_word' id='word_1_209' title='bbox 374 2717 405 2767; x_wconf 89' lang='grc' dir='ltr'><strong><em>γε</em></strong></span> <span class='ocrx_word' id='word_1_210' title='bbox 424 2699 472 2751; x_wconf 80' lang='grc' dir='ltr'><strong><em>καὶ</em></strong></span> <span class='ocrx_word' id='word_1_211' title='bbox 490 2701 608 2768; x_wconf 86' lang='grc' dir='ltr'><strong><em>λογικῶν</em></strong></span> <span class='ocrx_word' id='word_1_212' title='bbox 626 2701 675 2753; x_wconf 81' lang='grc' dir='ltr'><strong><em>καὶ</em></strong></span> <span class='ocrx_word' id='word_1_213' title='bbox 693 2700 814 2772; x_wconf 82' lang='grc' dir='ltr'><strong><em>εὐσεβῶν</em></strong></span> <span class='ocrx_word' id='word_1_214' title='bbox 833 2698 927 2772; x_wconf 83' lang='grc' dir='ltr'><strong><em>ὑβρεις</em></strong></span> <span class='ocrx_word' id='word_1_215' title='bbox 945 2704 994 2756; x_wconf 81' lang='grc' dir='ltr'><strong><em>καὶ</em></strong></span> <span class='ocrx_word' id='word_1_216' title='bbox 1011 2704 1126 2773; x_wconf 81' lang='grc' dir='ltr'><strong><em>ἀτιμίας</em></strong></span> 
     </span>
     <span class='ocr_line' id='line_1_26' title="bbox 114 2768 1125 2842; baseline 0.006 -19"><span class='ocrx_word' id='word_1_217' title='bbox 114 2771 163 2824; x_wconf 78' lang='grc' dir='ltr'><strong><em>καὶ</em></strong></span> <span class='ocrx_word' id='word_1_218' title='bbox 186 2771 358 2837; x_wconf 88' lang='grc' dir='ltr'><strong><em>πατραλοίας</em></strong></span> <span class='ocrx_word' id='word_1_219' title='bbox 380 2769 445 2830; x_wconf 88' lang='grc' dir='ltr'><strong><em>τοὺς</em></strong></span> <span class='ocrx_word' id='word_1_220' title='bbox 458 2768 556 2838; x_wconf 74' lang='grc' dir='ltr'><strong><em>υἱοὺς,</em></strong></span> <span class='ocrx_word' id='word_1_221' title='bbox 577 2768 680 2824; x_wconf 88' lang='grc' dir='ltr'><strong><em>σπάνιν</em></strong></span> <span class='ocrx_word' id='word_1_222' title='bbox 698 2779 754 2824; x_wconf 89' lang='grc' dir='ltr'><strong><em>τῶν</em></strong></span> <span class='ocrx_word' id='word_1_223' title='bbox 773 2768 936 2841; x_wconf 82' lang='grc' dir='ltr'><strong><em>ἀναγκαίων</em></strong></span> <span class='ocrx_word' id='word_1_224' title='bbox 959 2776 968 2842; x_wconf 88' lang='grc' dir='ltr'><strong><em>ΙΙ</em></strong></span> <span class='ocrx_word' id='word_1_225' title='bbox 991 2773 1125 2830; x_wconf 74' lang='grc' dir='ltr'><strong><em>ὖΚαπέ-</em></strong></span> 
     </span>
     <span class='ocr_line' id='line_1_27' title="bbox 115 2837 1126 2915; baseline 0.008 -21"><span class='ocrx_word' id='word_1_226' title='bbox 115 2859 207 2911; x_wconf 88' lang='grc' dir='ltr'><strong><em>στριος</em></strong></span> <span class='ocrx_word' id='word_1_227' title='bbox 224 2841 250 2893; x_wconf 82' lang='lat' dir='ltr'><strong><em>L</em></strong></span> <span class='ocrx_word' id='word_1_228' title='bbox 269 2842 278 2910; x_wconf 78' lang='grc' dir='ltr'><strong><em>ΙΙ</em></strong></span> <span class='ocrx_word' id='word_1_229' title='bbox 297 2839 311 2892; x_wconf 75' lang='grc' dir='ltr'><strong><em>λ</em></strong></span> <span class='ocrx_word' id='word_1_230' title='bbox 333 2837 375 2893; x_wconf 79' lang='grc' dir='ltr'><strong><em>δτι</em></strong></span> <span class='ocrx_word' id='word_1_231' title='bbox 393 2838 408 2893; x_wconf 96' lang='lat'>6</span> <span class='ocrx_word' id='word_1_232' title='bbox 427 2838 504 2908; x_wconf 86' lang='grc' dir='ltr'><strong><em>ήλιος</em></strong></span> <span class='ocrx_word' id='word_1_233' title='bbox 521 2839 609 2910; x_wconf 85' lang='grc' dir='ltr'><strong><em>ὠχρὸς</em></strong></span> <span class='ocrx_word' id='word_1_234' title='bbox 627 2839 678 2910; x_wconf 76' lang='grc' dir='ltr'><strong><em>μὲν</em></strong></span> <span class='ocrx_word' id='word_1_235' title='bbox 697 2839 818 2910; x_wconf 87' lang='grc' dir='ltr'><strong><em>ἀνίσχων</em></strong></span> <span class='ocrx_word' id='word_1_236' title='bbox 837 2841 905 2904; x_wconf 82' lang='grc' dir='ltr'><strong><em>ὅλως</em></strong></span> <span class='ocrx_word' id='word_1_237' title='bbox 924 2841 955 2897; x_wconf 76' lang='grc' dir='ltr'><strong><em>δὲ</em></strong></span> <span class='ocrx_word' id='word_1_238' title='bbox 974 2844 1126 2915; x_wconf 77' lang='grc' dir='ltr'><strong><em>ὑπομένων</em></strong></span> 
     </span>
     <span class='ocr_line' id='line_1_28' title="bbox 117 2911 1123 2984; baseline 0.007 -18"><span class='ocrx_word' id='word_1_239' title='bbox 117 2912 148 2966; x_wconf 84' lang='lat' dir='ltr'><em>F</em></span> <span class='ocrx_word' id='word_1_240' title='bbox 161 2911 236 2981; x_wconf 83' lang='lat' dir='ltr'><strong>(vide</strong></span> <span class='ocrx_word' id='word_1_241' title='bbox 256 2911 377 2965; x_wconf 72' lang='lat' dir='ltr'><strong>adn.&#39;ad</strong></span> <span class='ocrx_word' id='word_1_242' title='bbox 394 2928 421 2980; x_wconf 90' lang='lat' dir='ltr'><strong><em>p.</em></strong></span> <span class='ocrx_word' id='word_1_243' title='bbox 438 2917 480 2978; x_wconf 77' lang='lat'><strong><em>22,</em></strong></span> <span class='ocrx_word' id='word_1_244' title='bbox 493 2913 520 2979; x_wconf 83' lang='lat'><strong><em>3)</em></strong></span> <span class='ocrx_word' id='word_1_245' title='bbox 540 2913 543 2981; x_wconf 63' lang='grc' dir='ltr'><strong><em>λ</em></strong></span> <span class='ocrx_word' id='word_1_246' title='bbox 565 2912 738 2984; x_wconf 86' lang='grc' dir='ltr'><strong><em>ἀμβλύχρους</em></strong></span> <span class='ocrx_word' id='word_1_247' title='bbox 757 2929 825 2966; x_wconf 82' lang='lat' dir='ltr'>corr.</span> <span class='ocrx_word' id='word_1_248' title='bbox 844 2913 951 2967; x_wconf 82' lang='lat' dir='ltr'>Usener</span> <span class='ocrx_word' id='word_1_249' title='bbox 969 2932 1014 2984; x_wconf 78' lang='lat' dir='ltr'><strong><em>ap.</em></strong></span> <span class='ocrx_word' id='word_1_250' title='bbox 1032 2916 1123 2973; x_wconf 78' lang='lat' dir='ltr'>Riese.</span> 
     </span>
     <span class='ocr_line' id='line_1_29' title="bbox 114 2981 1126 3058; baseline 0.007 -23"><span class='ocrx_word' id='word_1_251' title='bbox 114 2983 132 3038; x_wconf 94' lang='lat' dir='ltr'><strong><em>l.</em></strong></span> <span class='ocrx_word' id='word_1_252' title='bbox 152 3001 173 3037; x_wconf 80' lang='lat' dir='ltr'><strong><em>s,</em></strong></span> <span class='ocrx_word' id='word_1_253' title='bbox 197 3002 224 3053; x_wconf 87' lang='lat' dir='ltr'><strong><em>p.</em></strong></span> <span class='ocrx_word' id='word_1_254' title='bbox 244 2988 312 3049; x_wconf 70' lang='lat'><strong><em>3423</em></strong></span> <span class='ocrx_word' id='word_1_255' title='bbox 336 2982 533 3053; x_wconf 81' lang='grc' dir='ltr'><strong><em>ἀμβλυάχρους</em></strong></span> <span class='ocrx_word' id='word_1_256' title='bbox 555 2983 597 3050; x_wconf 79' lang='lat' dir='ltr'><strong><em>D,</em></strong></span> <span class='ocrx_word' id='word_1_257' title='bbox 626 2981 816 3055; x_wconf 87' lang='grc' dir='ltr'><strong><em>ἀμβλυόχρους</em></strong></span> <span class='ocrx_word' id='word_1_258' title='bbox 838 2984 916 3052; x_wconf 80' lang='lat' dir='ltr'>Bar.;</span> <span class='ocrx_word' id='word_1_259' title='bbox 945 2986 1126 3058; x_wconf 86' lang='grc' dir='ltr'><strong><em>ἀμβλυωχρὸς</em></strong></span> 
     </span>
     <span class='ocr_line' id='line_1_30' title="bbox 113 3051 1125 3127; baseline 0.005 -18"><span class='ocrx_word' id='word_1_260' title='bbox 113 3055 183 3123; x_wconf 79' lang='lat' dir='ltr'><strong><em>L0;</em></strong></span> <span class='ocrx_word' id='word_1_261' title='bbox 207 3053 331 3109; x_wconf 83' lang='lat' dir='ltr'>Hercher</span> <span class='ocrx_word' id='word_1_262' title='bbox 353 3052 424 3106; x_wconf 78' lang='lat' dir='ltr'>coni.</span> <span class='ocrx_word' id='word_1_263' title='bbox 449 3051 585 3125; x_wconf 87' lang='grc' dir='ltr'><strong><em>ἀβληχρύς</em></strong></span> <span class='ocrx_word' id='word_1_264' title='bbox 610 3056 613 3124; x_wconf 63' lang='grc' dir='ltr'><strong><em>λ</em></strong></span> <span class='ocrx_word' id='word_1_265' title='bbox 639 3053 654 3107; x_wconf 98' lang='lat'>6</span> <span class='ocrx_word' id='word_1_266' title='bbox 678 3071 730 3108; x_wconf 91' lang='lat' dir='ltr'><strong><em>om.</em></strong></span> <span class='ocrx_word' id='word_1_267' title='bbox 750 3055 808 3109; x_wconf 91' lang='lat' dir='ltr'><strong><em>DO</em></strong></span> <span class='ocrx_word' id='word_1_268' title='bbox 829 3057 838 3124; x_wconf 82' lang='grc' dir='ltr'><strong><em>ΙΙ</em></strong></span> <span class='ocrx_word' id='word_1_269' title='bbox 860 3055 879 3110; x_wconf 82' lang='grc'>8</span> <span class='ocrx_word' id='word_1_270' title='bbox 898 3054 1125 3127; x_wconf 75' lang='grc' dir='ltr'><strong><em>μὲν-δρᾶσθαι</em></strong></span> 
     </span>
     <span class='ocr_line' id='line_1_31' title="bbox 113 3124 1124 3198; baseline 0.006 -18"><span class='ocrx_word' id='word_1_271' title='bbox 113 3126 201 3180; x_wconf 75' lang='lat' dir='ltr'>habet</span> <span class='ocrx_word' id='word_1_272' title='bbox 217 3125 246 3178; x_wconf 89' lang='lat' dir='ltr'><em>D</em></span> <span class='ocrx_word' id='word_1_273' title='bbox 260 3127 334 3193; x_wconf 80' lang='lat' dir='ltr'>(oum</span> <span class='ocrx_word' id='word_1_274' title='bbox 350 3124 390 3194; x_wconf 75' lang='lat' dir='ltr'><strong><em>F)</em></strong></span> <span class='ocrx_word' id='word_1_275' title='bbox 404 3127 414 3193; x_wconf 81' lang='grc' dir='ltr'><strong><em>ή</em></strong></span> <span class='ocrx_word' id='word_1_276' title='bbox 427 3124 445 3178; x_wconf 86' lang='grc'><strong>9</strong></span> <span class='ocrx_word' id='word_1_277' title='bbox 464 3124 513 3177; x_wconf 79' lang='grc' dir='ltr'><strong><em>καὶ</em></strong></span> <span class='ocrx_word' id='word_1_278' title='bbox 530 3124 684 3196; x_wconf 84' lang='grc' dir='ltr'><strong><em>θορύβους]</em></strong></span> <span class='ocrx_word' id='word_1_279' title='bbox 705 3125 768 3180; x_wconf 79' lang='lat' dir='ltr'><strong>add.</strong></span> <span class='ocrx_word' id='word_1_280' title='bbox 783 3127 850 3180; x_wconf 83' lang='lat' dir='ltr'><strong><em>DF</em></strong></span> <span class='ocrx_word' id='word_1_281' title='bbox 859 3128 868 3196; x_wconf 76' lang='lat' dir='ltr'>ss</span> <span class='ocrx_word' id='word_1_282' title='bbox 883 3126 918 3180; x_wconf 94' lang='grc'><strong><em>11</em></strong></span> <span class='ocrx_word' id='word_1_283' title='bbox 939 3141 1124 3198; x_wconf 86' lang='grc' dir='ltr'><strong><em>συκοφαντῶν</em></strong></span> 
     </span>
     <span class='ocr_line' id='line_1_32' title="bbox 114 3195 1126 3276; baseline 0.003 -25"><span class='ocrx_word' id='word_1_284' title='bbox 114 3198 174 3268; x_wconf 79' lang='grc' dir='ltr'><strong><em>καὶ]</em></strong></span> <span class='ocrx_word' id='word_1_285' title='bbox 194 3196 258 3250; x_wconf 79' lang='lat' dir='ltr'>add.</span> <span class='ocrx_word' id='word_1_286' title='bbox 277 3195 345 3250; x_wconf 84' lang='lat' dir='ltr'><strong><em>DF</em></strong></span> <span class='ocrx_word' id='word_1_287' title='bbox 357 3198 360 3265; x_wconf 68' lang='grc' dir='ltr'><strong><em>ή</em></strong></span> <span class='ocrx_word' id='word_1_288' title='bbox 377 3196 489 3261; x_wconf 88' lang='grc' dir='ltr'><strong><em>ἀνδρῶν</em></strong></span> <span class='ocrx_word' id='word_1_289' title='bbox 507 3195 644 3264; x_wconf 71' lang='lat' dir='ltr'><strong><em>DF1112</em></strong></span> <span class='ocrx_word' id='word_1_290' title='bbox 663 3195 774 3266; x_wconf 87' lang='grc' dir='ltr'><strong><em>ἀτιμίας</em></strong></span> <span class='ocrx_word' id='word_1_291' title='bbox 794 3199 874 3263; x_wconf 76' lang='grc' dir='ltr'><strong><em>δηλοῖ</em></strong></span> <span class='ocrx_word' id='word_1_292' title='bbox 889 3199 965 3266; x_wconf 85' lang='lat' dir='ltr'><strong><em>DF,</em></strong></span> <span class='ocrx_word' id='word_1_293' title='bbox 984 3217 1037 3254; x_wconf 91' lang='lat' dir='ltr'><strong><em>om.</em></strong></span> <span class='ocrx_word' id='word_1_294' title='bbox 1053 3203 1126 3276; x_wconf 71' lang='grc' dir='ltr'><strong><em>Εθή</em></strong></span> 
     </span>
     <span class='ocr_line' id='line_1_33' title="bbox 114 3265 1125 3346; baseline 0.006 -24"><span class='ocrx_word' id='word_1_295' title='bbox 114 3268 153 3322; x_wconf 76' lang='lat'><strong><em>13</em></strong></span> <span class='ocrx_word' id='word_1_296' title='bbox 170 3267 240 3336; x_wconf 90' lang='grc' dir='ltr'><strong><em>πρὸς</em></strong></span> <span class='ocrx_word' id='word_1_297' title='bbox 259 3265 291 3320; x_wconf 87' lang='grc' dir='ltr'><strong><em>δέ</em></strong></span> <span class='ocrx_word' id='word_1_298' title='bbox 309 3287 339 3336; x_wconf 85' lang='grc' dir='ltr'><strong><em>γε</em></strong></span> <span class='ocrx_word' id='word_1_299' title='bbox 358 3266 467 3329; x_wconf 87' lang='grc' dir='ltr'><strong><em>τούτοις</em></strong></span> <span class='ocrx_word' id='word_1_300' title='bbox 485 3265 560 3320; x_wconf 80' lang='lat' dir='ltr'>solus</span> <span class='ocrx_word' id='word_1_301' title='bbox 579 3267 667 3321; x_wconf 68' lang='lat' dir='ltr'><strong>habet</strong></span> <span class='ocrx_word' id='word_1_302' title='bbox 684 3269 715 3322; x_wconf 88' lang='lat' dir='ltr'><em>D</em></span> <span class='ocrx_word' id='word_1_303' title='bbox 731 3271 735 3338; x_wconf 89' lang='grc' dir='ltr'>Ι</span> <span class='ocrx_word' id='word_1_304' title='bbox 751 3268 799 3321; x_wconf 88' lang='grc' dir='ltr'><strong><em>καὶ</em></strong></span> <span class='ocrx_word' id='word_1_305' title='bbox 818 3269 1125 3346; x_wconf 82' lang='grc' dir='ltr'><strong><em>δημεύσεις-ἐπιβου-</em></strong></span> 
     </span>
     <span class='ocr_line' id='line_1_34' title="bbox 58 3335 1124 3408; baseline 0.007 -16"><span class='ocrx_word' id='word_1_306' title='bbox 58 3387 66 3399; x_wconf 85' lang='grc'><em>,</em></span> <span class='ocrx_word' id='word_1_307' title='bbox 114 3337 163 3402; x_wconf 87' lang='grc' dir='ltr'><strong><em>λάς</em></strong></span> <span class='ocrx_word' id='word_1_308' title='bbox 178 3343 230 3408; x_wconf 78' lang='grc'>(25,</span> <span class='ocrx_word' id='word_1_309' title='bbox 241 3339 267 3405; x_wconf 82' lang='lat'><strong><em>2)</em></strong></span> <span class='ocrx_word' id='word_1_310' title='bbox 295 3339 344 3391; x_wconf 78' lang='grc' dir='ltr'><strong><em>καὶ</em></strong></span> <span class='ocrx_word' id='word_1_311' title='bbox 357 3336 461 3392; x_wconf 89' lang='grc' dir='ltr'><strong><em>σπάνιν</em></strong></span> <span class='ocrx_word' id='word_1_312' title='bbox 474 3346 529 3391; x_wconf 86' lang='grc' dir='ltr'><strong><em>τῶν</em></strong></span> <span class='ocrx_word' id='word_1_313' title='bbox 544 3335 710 3406; x_wconf 79' lang='grc' dir='ltr'><strong><em>ἐπιτηδείων</em></strong></span> <span class='ocrx_word' id='word_1_314' title='bbox 724 3340 772 3392; x_wconf 81' lang='grc' dir='ltr'><strong><em>καὶ</em></strong></span> <span class='ocrx_word' id='word_1_315' title='bbox 786 3337 836 3402; x_wconf 87' lang='grc' dir='ltr'><strong><em>τάς</em></strong></span> <span class='ocrx_word' id='word_1_316' title='bbox 849 3338 913 3393; x_wconf 90' lang='grc' dir='ltr'><strong><em>κατ’</em></strong></span> <span class='ocrx_word' id='word_1_317' title='bbox 925 3341 1051 3408; x_wconf 85' lang='grc' dir='ltr'><strong><em>ἀλλήλων</em></strong></span> <span class='ocrx_word' id='word_1_318' title='bbox 1066 3344 1124 3399; x_wconf 77' lang='grc' dir='ltr'><strong><em>ἐπι-</em></strong></span> 
     </span>
     <span class='ocr_line' id='line_1_35' title="bbox 115 3407 1124 3488; baseline 0.006 -24"><span class='ocrx_word' id='word_1_319' title='bbox 115 3407 227 3482; x_wconf 84' lang='grc' dir='ltr'><strong><em>βουλίας</em></strong></span> <span class='ocrx_word' id='word_1_320' title='bbox 273 3452 281 3476; x_wconf 89' lang='grc'><em>,</em></span> <span class='ocrx_word' id='word_1_321' title='bbox 300 3408 349 3476; x_wconf 91' lang='lat' dir='ltr'><strong><em>qui</em></strong></span> <span class='ocrx_word' id='word_1_322' title='bbox 368 3408 408 3462; x_wconf 81' lang='lat' dir='ltr'><strong><em>sio</em></strong></span> <span class='ocrx_word' id='word_1_323' title='bbox 427 3408 499 3478; x_wconf 84' lang='lat' dir='ltr'>expl.</span> <span class='ocrx_word' id='word_1_324' title='bbox 516 3410 520 3480; x_wconf 82' lang='grc' dir='ltr'>Ι</span> <span class='ocrx_word' id='word_1_325' title='bbox 536 3429 566 3464; x_wconf 82' lang='grc' dir='ltr'><strong><em>τε</em></strong></span> <span class='ocrx_word' id='word_1_326' title='bbox 584 3418 639 3464; x_wconf 85' lang='grc' dir='ltr'><strong><em>τῶν</em></strong></span> <span class='ocrx_word' id='word_1_327' title='bbox 658 3409 733 3464; x_wconf 79' lang='lat' dir='ltr'>solus</span> <span class='ocrx_word' id='word_1_328' title='bbox 748 3411 777 3463; x_wconf 92' lang='lat' dir='ltr'><em>D</em></span> <span class='ocrx_word' id='word_1_329' title='bbox 791 3412 800 3479; x_wconf 82' lang='grc' dir='ltr'><strong><em>ή</em></strong></span> <span class='ocrx_word' id='word_1_330' title='bbox 815 3408 853 3463; x_wconf 84' lang='grc'><strong><em>14</em></strong></span> <span class='ocrx_word' id='word_1_331' title='bbox 871 3413 920 3464; x_wconf 79' lang='grc' dir='ltr'><strong><em>καὶ</em></strong></span> <span class='ocrx_word' id='word_1_332' title='bbox 938 3413 1124 3488; x_wconf 82' lang='grc' dir='ltr'><strong><em>ἀφοριομοὺς]</em></strong></span> 
     </span>
     <span class='ocr_line' id='line_1_36' title="bbox 115 3479 1125 3554; baseline 0.007 -20"><span class='ocrx_word' id='word_1_333' title='bbox 115 3479 155 3534; x_wconf 85' lang='lat' dir='ltr'><strong><em>sic</em></strong></span> <span class='ocrx_word' id='word_1_334' title='bbox 173 3482 216 3548; x_wconf 90' lang='lat' dir='ltr'><strong><em>D,</em></strong></span> <span class='ocrx_word' id='word_1_335' title='bbox 236 3482 315 3548; x_wconf 83' lang='grc' dir='ltr'><strong><em>δηλοῖ</em></strong></span> <span class='ocrx_word' id='word_1_336' title='bbox 333 3481 390 3535; x_wconf 86' lang='lat' dir='ltr'><strong><em>LO</em></strong></span> <span class='ocrx_word' id='word_1_337' title='bbox 414 3483 418 3548; x_wconf 84' lang='grc' dir='ltr'>Ι</span> <span class='ocrx_word' id='word_1_338' title='bbox 443 3479 606 3550; x_wconf 86' lang='grc' dir='ltr'><strong><em>ἀναγκαίων</em></strong></span> <span class='ocrx_word' id='word_1_339' title='bbox 624 3481 693 3549; x_wconf 85' lang='lat' dir='ltr'><strong><em>LO,</em></strong></span> <span class='ocrx_word' id='word_1_340' title='bbox 718 3479 883 3550; x_wconf 74' lang='grc' dir='ltr'><strong><em>ἐπιτηδείων</em></strong></span> <span class='ocrx_word' id='word_1_341' title='bbox 901 3482 1038 3554; x_wconf 71' lang='lat' dir='ltr'><strong><em>DF1115</em></strong></span> <span class='ocrx_word' id='word_1_342' title='bbox 1057 3490 1125 3541; x_wconf 78' lang='lat' dir='ltr'><strong>ante</strong></span> 
     </span>
     <span class='ocr_line' id='line_1_37' title="bbox 114 3548 1124 3623; baseline 0.008 -18"><span class='ocrx_word' id='word_1_343' title='bbox 114 3550 223 3614; x_wconf 86' lang='grc' dir='ltr'><strong><em>στάσεις</em></strong></span> <span class='ocrx_word' id='word_1_344' title='bbox 240 3552 303 3604; x_wconf 81' lang='lat' dir='ltr'>add.</span> <span class='ocrx_word' id='word_1_345' title='bbox 318 3548 430 3619; x_wconf 85' lang='grc' dir='ltr'><strong><em>προσέτι</em></strong></span> <span class='ocrx_word' id='word_1_346' title='bbox 445 3552 554 3613; x_wconf 86' lang='grc' dir='ltr'><strong><em>τούτοις</em></strong></span> <span class='ocrx_word' id='word_1_347' title='bbox 570 3552 600 3619; x_wconf 89' lang='lat'><strong><em>0,</em></strong></span> <span class='ocrx_word' id='word_1_348' title='bbox 618 3551 688 3620; x_wconf 86' lang='grc' dir='ltr'><strong><em>πρὸς</em></strong></span> <span class='ocrx_word' id='word_1_349' title='bbox 701 3552 809 3614; x_wconf 88' lang='grc' dir='ltr'><strong><em>τούτοις</em></strong></span> <span class='ocrx_word' id='word_1_350' title='bbox 824 3551 855 3606; x_wconf 71' lang='grc' dir='ltr'><strong><em>δὲ</em></strong></span> <span class='ocrx_word' id='word_1_351' title='bbox 869 3555 918 3606; x_wconf 81' lang='grc' dir='ltr'><strong><em>καὶ</em></strong></span> <span class='ocrx_word' id='word_1_352' title='bbox 931 3554 958 3607; x_wconf 90' lang='lat' dir='ltr'><em>L</em></span> <span class='ocrx_word' id='word_1_353' title='bbox 974 3558 978 3623; x_wconf 86' lang='grc' dir='ltr'>Ι</span> <span class='ocrx_word' id='word_1_354' title='bbox 994 3556 1044 3610; x_wconf 80' lang='grc' dir='ltr'><strong><em>καλ</em></strong></span> <span class='ocrx_word' id='word_1_355' title='bbox 1057 3561 1124 3612; x_wconf 70' lang='lat' dir='ltr'>ante</span> 
     </span>
     <span class='ocr_line' id='line_1_38' title="bbox 113 3618 1125 3694; baseline 0.008 -17"><span class='ocrx_word' id='word_1_356' title='bbox 113 3642 143 3677; x_wconf 87' lang='grc' dir='ltr'><strong><em>τε</em></strong></span> <span class='ocrx_word' id='word_1_357' title='bbox 163 3639 216 3676; x_wconf 88' lang='lat' dir='ltr'><strong><em>om.</em></strong></span> <span class='ocrx_word' id='word_1_358' title='bbox 231 3623 260 3675; x_wconf 95' lang='lat' dir='ltr'><em>D</em></span> <span class='ocrx_word' id='word_1_359' title='bbox 277 3623 280 3692; x_wconf 70' lang='grc' dir='ltr'><strong><em>ή</em></strong></span> <span class='ocrx_word' id='word_1_360' title='bbox 297 3618 575 3694; x_wconf 72' lang='grc' dir='ltr'><strong><em>αὗθις-ἐπιβουλὰς</em></strong></span> <span class='ocrx_word' id='word_1_361' title='bbox 590 3625 626 3691; x_wconf 85' lang='lat' dir='ltr'><strong><em>(p.</em></strong></span> <span class='ocrx_word' id='word_1_362' title='bbox 643 3628 684 3690; x_wconf 80' lang='lat'><strong><em>25,</em></strong></span> <span class='ocrx_word' id='word_1_363' title='bbox 699 3624 738 3694; x_wconf 79' lang='lat'><strong><em>2)]</em></strong></span> <span class='ocrx_word' id='word_1_364' title='bbox 754 3621 793 3676; x_wconf 86' lang='lat' dir='ltr'><strong><em>sic</em></strong></span> <span class='ocrx_word' id='word_1_365' title='bbox 807 3624 845 3692; x_wconf 81' lang='lat' dir='ltr'><strong><em>D,</em></strong></span> <span class='ocrx_word' id='word_1_366' title='bbox 864 3623 896 3678; x_wconf 85' lang='grc' dir='ltr'><strong><em>τὸ</em></strong></span> <span class='ocrx_word' id='word_1_367' title='bbox 911 3623 1053 3682; x_wconf 84' lang='grc' dir='ltr'><strong><em>ἀνάπαλιν</em></strong></span> <span class='ocrx_word' id='word_1_368' title='bbox 1067 3631 1125 3685; x_wconf 87' lang='lat' dir='ltr'><strong><em>LO</em></strong></span> 
     </span>
    </p>
   </div>
   <div class='ocr_carea' id='block_1_6' title="bbox 0 0 1256 4124">
    <p class='ocr_par' dir='ltr' id='par_1_7' title="bbox 0 0 1256 4124">
     <span class='ocr_line' id='line_1_39' title="bbox 0 0 1256 4124; baseline 0 0"><span class='ocrx_word' id='word_1_369' title='bbox 0 0 1256 4124; x_wconf 95' lang='lat' dir='ltr'><strong><em> </em></strong></span> 
     </span>
    </p>
   </div>
  </div>
 </body>
</html>
