2490 4124
178 247 243 312 156
510 244 598 300 LYDI
615 245 665 300 DE
685 245 859 301 OSTENTIS

123 420 205 475 254A
245 407 296 474 ια’.
328 418 368 495 τῇ
394 409 459 495 πρὸ
483 407 513 493 μ’
541 410 642 474 εἰδῶν
669 410 816 494 κρύφιον
839 411 975 495 ἀστρον·
1008 408 1236 497 ἀπαρκτίαςωο

176 518 242 600 ἀμα
264 514 320 581 καὶ
343 519 480 592 καικίας.

243 620 295 705 ιβ’.
333 631 373 708 τῇ
404 623 469 708 πρὸ
498 621 527 687 α’
560 624 660 688 εἰδῶν
692 624 816 708 βορρᾶς
847 631 976 708 πρῶτα,
1008 626 1125 690 ἔπειτα
1157 622 1192 690 66

177 731 275 806 νότος
297 730 411 815 βαρύς.

243 833 295 919 ιμ’.
328 836 431 911 εἰδοῖς
458 838 680 921 Δεκεμβρίαις
708 834 785 912 ὅλος
812 834 830 901 6
859 838 1018 921 σκορπίος
1046 835 1191 924 ἀνίσχει·
1214 862 1224 902 ⁵

175 943 300 1030 βορρᾶς
323 938 360 1006 66
383 939 439 1006 καὶ
461 944 559 1019 νότος
581 941 682 1006 ὑετὸν
706 939 938 1025 ἐπισπώμενοι.

143 1057 167 1111 Β
244 1046 296 1113 ιβ’.
327 1057 367 1134 τῇ
385 1049 449 1134 πρὸ
470 1046 518 1113 ιβ’
532 1048 703 1113 καίενάῶν
717 1045 936 1134 Ἰανουαρίων
954 1049 1069 1114 δύεται
1088 1048 1109 1134 ἡ
1128 1050 1190 1129 αίξ.

243 1152 291 1220 ιε’.
323 1165 362 1241 τῇ
389 1156 453 1241 πρὸ
483 1153 526 1238 ιη’
553 1155 724 1219 καλενόῶν
751 1156 849 1231 νότος
876 1156 943 1238 ἀμα
969 1154 1026 1221 καὶ
1053 1158 1190 1245 βορρᾶς,

175 1260 231 1327 καὶ
255 1263 416 1346 σύγχυσις
437 1270 499 1326 τοῦ
523 1260 628 1346 ἀέρος.

243 1366 294 1441 ις’.
326 1377 365 1453 τῇ
388 1368 452 1452 πρὸ
478 1365 515 1446 ιζ
539 1368 710 1432 καλενόῶν
733 1368 897 1445 ὡσαύτως.
1171 1426 1188 1459 χ

243 1471 290 1552 ιζ.
321 1482 361 1559 τῇ
388 1475 453 1559 πρὸ
478 1470 519 1547 ις’
546 1475 717 1538 καλενόῶν
749 1473 767 1539 6
799 1476 893 1558 ἥλιος
925 1473 978 1540 ἐπὶ
1007 1484 1068 1540 τοῦ
1098 1478 1190 1560 αἰγο-

175 1577 325 1667 κέρατος.

243 1684 294 1771 ιιβ.
331 1696 370 1773 τῇ
403 1687 471 1773 πρὸ
505 1684 543 1752 ιε’
580 1689 752 1752 καλενὸῶν
788 1689 912 1774 ἄστρον
947 1689 1099 1774 κρυπτὸν
1134 1688 1190 1754 καὶ

175 1791 386 1879 ἀνεμομαχία.

243 1898 299 1965 ιβ’.
331 1910 371 1986 τῇ
393 1901 458 1987 πρὸ
483 1898 526 1965 ιόν
549 1902 720 1965 καλενόῶν
743 1899 762 1985 ἡ
788 1899 839 1978 αἲξ
863 1900 1000 1986 ἀνίσχει.
1201 1928 1225 1969 ιε

145 2014 165 2070 O
241 2004 280 2071 κ’.
311 2017 350 2093 τῇ
377 2008 442 2093 πρὸ
471 2004 514 2091 ιμ’
542 2008 715 2072 καλενόῶν
746 2006 763 2072 6
796 2007 890 2084 ἀετὸς
922 2007 1051 2093 ἀνίσχει
1083 2008 1140 2074 καὶ
1171 2010 1188 2075 6

176 2114 364 2199 αἰγόκερως.

241 2217 300 2285 κά.
332 2229 371 2305 τῇ
394 2221 459 2305 πρὸ
485 2218 528 2302 ιβ’
555 2221 725 2285 καλενόῶν
752 2219 871 2306 βορέας
899 2217 960 2304 μὲν
982 2222 1189 2309 κατάρχεται,

174 2329 272 2403 νότος
296 2323 332 2391 δὲ
355 2327 416 2410 τὴν
438 2336 548 2390 πᾶσαν
570 2324 697 2412 ἡμέραν
720 2325 893 2412 ἐπικρατεῖ.

241 2431 300 2516 νβ’.
342 2442 380 2518 τῇ
417 2433 482 2518 πρὸ
516 2431 558 2496 ια’
595 2435 767 2498 καλενὸῶν
804 2433 821 2498 6
860 2433 954 2511 ἀετὸς
992 2433 1028 2499 ἐν
1065 2433 1189 2523 ἑσπέρᾳ
1203 2461 1227 2500 ro

175 2537 311 2622 ἀνίσχει.

1203 1398 1225 1435 10

247 2765 262 2818 1
285 2764 389 2820 Colum.
409 2765 427 2821 l.
448 2783 468 2820 ε.
492 2767 548 2820 III
562 2769 598 2822 ι’ἀ.
618 2769 684 2823 Dec.
704 2784 783 2823 οοναο
800 2769 841 2824 ναί
858 2771 1010 2838 septentrio,
1026 2768 1067 2839 1111
1085 2770 1135 2824 καὶ
1154 2771 1189 2824 οό

174 2835 270 2900 κεκίας
290 2837 337 2907 Oi!
359 2837 377 2891 3
396 2846 492 2907 πρῶτα
511 2839 581 2893 coni.
601 2839 635 2893 H.
653 2857 704 2909 pro
723 2841 837 2908 πρώτως
853 2842 856 2909 Ι
875 2839 970 2894 ἔπειτα
989 2839 1033 2912 δὲ]
1053 2836 1100 2894 ἐπὶ
1118 2840 1189 2896 τάόε

175 2907 250 2979 0114
270 2911 335 2979 posi
353 2909 441 2982 βαρὺς
459 2908 524 2964 add.
544 2917 568 2965 ei
582 2912 697 2979 μῐκνικε
713 2911 798 2965 Leon.
822 2914 831 2980 ΙΙ
857 2911 885 2966 5.
905 2911 923 2965 ό
944 2910 1049 2965 Colum.
1069 2910 1086 2966 1.
1108 2929 1129 2965 s.
1148 2914 1188 2968 id.

173 2981 238 3039 Dec.
263 2983 368 3050 scorpio
386 2987 458 3036 totis
476 2998 555 3035 νιακε
573 2984 711 3050 exoritwr3
738 2984 844 3038 hiemat.
868 2985 878 3052 Η
901 2983 919 3037 5
939 2981 1120 3054 Δεκεμβρίων
1140 2983 1189 3056 ΟΗ

176 3052 192 3106 7
212 3051 319 3107 Gemin.
341 3057 382 3106 19.
402 3050 498 3120 sagitt.
515 3078 548 3096 =
564 3058 604 3107 13.
624 3053 689 3107 Dec.
715 3052 743 3122 (i.
764 3070 786 3108 e.
811 3055 901 3107 antec.
932 3053 987 3124 die)
1016 3052 1189 3123 Εόκτήμονι,

174 3121 290 3196 Εόᾶόξῳ
310 3121 417 3197 <αάξᾶ>
437 3121 524 3177 δόνει.
540 3123 665 3193 611012
685 3123 790 3180 colum.
811 3131 844 3178 94
865 3126 945 3179 XVI
957 3126 1006 3179 cal.
1022 3126 1085 3179 Ιακ.
1101 3127 1143 3180 soi
1155 3127 1189 3180 iri

174 3197 364 3264 capricornum
391 3195 539 3249 όιακείόκνι
565 3195 640 3262 facit.
667 3197 670 3264 Ι
695 3204 744 3250 τοῦ
773 3196 956 3266 αἰχοκέρωτος
984 3212 1052 3249 corr.
1078 3196 1188 3266 Unger:

172 3265 222 3320 τὸν
246 3264 432 3336 αίχοκὲρωτον
452 3265 485 3335 0,
508 3265 558 3320 τὸν
581 3264 753 3336 αἱμοκέρωτα
776 3268 804 3322 R
831 3270 839 3336 ΙΙ
866 3267 903 3321 13
923 3266 1027 3321 Colum.
1048 3267 1066 3321 l.
1087 3284 1108 3321 s,
1129 3269 1193 3322 XV

177 3339 227 3392 cal.
247 3338 309 3392 Ιακ.
329 3344 468 3392 ventorum
487 3340 720 3393 οονιικκόαόίοναικ
737 3340 762 3392 si
779 3340 882 3406 κίβοαί.
897 3338 958 3408 615
976 3338 994 3407 ἡ
1014 3336 1059 3402 αίξ
1078 3337 1189 3408 ἀνίσχει

174 3408 198 3463 0
218 3425 235 3462 ο
257 3425 343 3462 manu
365 3409 488 3464 secunda
511 3410 520 3478 l}
543 3408 716 3463 16Ρ11ο.Χ
795 3414 846 3463 283
870 3411 993 3479 aquilam
1011 3411 1134 3464 diximus
1155 3412 1188 3465 iri

172 3480 261 3534 Italia
283 3483 386 3535 exoriri
408 3499 433 3535 α.
458 3482 484 3535 ἀ.
509 3481 596 3534 XIII
613 3481 678 3534 Καί.
701 3481 860 3536 Ianuarias.
899 3479 1006 3534 Gemin.
1027 3486 1068 3534 26.
1089 3480 1186 3550 sagitt.

173 3576 207 3595 =
222 3555 263 3604 20.
280 3551 346 3606 Dec.
372 3549 488 3625 Εὐδόξῳ
507 3550 588 3614 ἀετὸς
608 3551 675 3624 ἑῷος
694 3549 834 3606 ἐπιτέλλει.
860 3554 864 3620 Ι
890 3555 956 3606 ante
975 3553 1023 3606 καὶ
1042 3552 1108 3606 add.
1128 3551 1187 3622 ἅμα

74 3664 77 3669 .
172 3621 201 3675 R
215 3622 224 3690 ΙΙ
238 3620 275 3674 19
295 3623 360 3675 ante
380 3620 460 3685 νότος
479 3621 543 3676 add.
563 3624 753 3691 εκμενοικίοκε
769 3622 854 3678 Leon.
871 3624 875 3694 Ι
893 3619 1027 3693 ἐπικρατῇ
1047 3623 1071 3677 0
