2490 4124
171 239 234 305 138
499 240 587 294 LYDI
603 239 652 294 DE
671 239 844 296 OSTEN'HS
933 194 940 207 ι

234 400 294 467 κδ’.
326 411 365 488 τῇ
387 403 451 488 πρὸ
474 399 505 486 η’
527 404 698 468 παλενάῶν
723 405 871 489 αρυφίον
896 405 1021 491 ἀστρου
1043 403 1179 490 έπιτολν)

169 508 225 574 παὶ
248 508 394 586 ἐπίτασις
415 510 599 593 καυμάτων.

234 613 288 680 κε’.
320 625 359 701 τῇ
385 616 450 703 πρὸ
475 614 499 694 ζ
526 617 698 681 καλενὸῶν
723 614 743 700 ἡ
772 619 892 703 θερινὴ
916 620 1035 703 τροπή,
1063 620 1179 702 αἰφνί-
1192 645 1227 688 ιω

79 782 84 791 .
170 723 243 800 ἀιός
265 746 300 787 τε
323 723 445 808 ταραχὴ
469 731 528 788 τοῦ
553 721 656 808 ἀέρος.
703 769 707 775 -

134 843 159 898 D
234 826 292 902 κς’.
324 838 363 914 τῇ
384 829 450 914 πρὸ
474 826 502 902 ς’
525 829 696 893 καλενάῶν
717 827 776 907 λλφ
800 830 866 913 ἅμα
887 827 943 894 παλ
967 827 1118 916 ζέφυρος.
1205 856 1217 898 ι

235 933 290 1014 αξ.
322 943 361 1021 τῇ
384 935 448 1021 πρὸ
468 932 493 999 ε’
511 935 681 999 καλενὸῶν
703 937 839 1022 βραχεῖα
861 933 881 1018 ἡ
905 933 976 1019 νόξ,
999 935 1054 1002 παλ
1078 937 1097 1002 ό
1117 935 1180 1022 μὲν

168 1039 290 1127 Ὠρίων
313 1040 451 1126 ἀνίσχει,
474 1043 571 1118 νότος
593 1037 631 1106 δὲ
653 1041 773 1127 ῥεόσει.

114 1157 198 1214 2301
236 1146 295 1232 κη’.
327 1157 366 1233 τῇ
393 1149 457 1235 πρὸ
486 1145 515 1211 δ’
543 1148 713 1212 καλενόῶν
745 1146 782 1213 έν
812 1145 875 1233 μὲν
906 1146 1027 1236 ἑσπέρᾳ
1053 1148 1179 1236 βρέχει,

171 1253 189 1320 ὁ
212 1251 249 1319 δὲ
271 1255 362 1318 κόων
385 1253 534 1338 ἀνίσχειν
556 1255 697 1339 ἀρχεται.

232 1358 297 1425 κθῖ
328 1369 369 1446 τῇ
392 1361 457 1446 πρὸ
480 1357 510 1443 γ’
534 1362 704 1425 ναλενάῶν
726 1349 937 1446 ἀνεμομαχία.
1148 1354 1151 1359 ’
1194 1391 1219 1431 ιο

234 1464 271 1531 λ’.
303 1475 344 1551 τῇ
361 1467 426 1553 πρὸ
446 1464 475 1531 α’
493 1467 664 1532 παλενάῶν
684 1465 791 1532 ἕωθεν
809 1465 870 1552 μὲν
889 1468 907 1534 ὁ
926 1469 1017 1533 κύων
1036 1468 1179 1556 ἀνίσχει,

169 1572 189 1656 ἡ
213 1570 250 1638 δέ
274 1574 357 1657 ζώνη
380 1582 441 1638 τοῦ
459 1571 619 1658 Ὠρίωνος
642 1573 868 1657 ἀναφαίνεται.

578 1766 762 1833 ΙΟΤΔΙΟΣ

134 1903 157 1956 Β
234 1893 285 1959 65.
318 1892 356 1958 α’.
388 1892 562 1970 καλένάαις
591 1891 746 1970 Ἰουλίαις
778 1894 968 1980 ταράττεται
1000 1895 1018 1960 ὁ
1047 1895 1112 1984 ἀὴρ
1144 1898 1181 1964 ἐκ

166 2009 226 2066 τοῦ
248 2003 363 2086 βορρᾶ.
1191 2028 1218 2070 ιι

231 2106 271 2189 β’.
304 2116 343 2192 τῇ
365 2108 430 2192 πρὸ
450 2104 477 2180 ς’
497 2116 615 2171 νωνῶν
634 2103 785 2171 Ἰουλίων
807 2109 953 2193 κρύφιον
976 2109 1103 2195 ἀστρον
1122 2109 1179 2176 παλ

168 2211 308 2299 ζέφυρος
330 2212 350 2296 ἣ
374 2216 480 2290 νότος.

232 2318 270 2403 χ’.
294 2329 332 2405 τῇ
347 2320 411 2405 πρὸ
428 2318 452 2383 ε’
467 2329 585 2383 νωνῶν
598 2318 736 2406 ταραχαὶ
750 2328 810 2385 τοῦ
825 2318 921 2406 ἀέρος
937 2320 972 2385 ἐκ
986 2331 1046 2387 τοῦ
1062 2326 1178 2390 νότου.

234 2425 271 2491 δ’.
304 2436 343 2512 τῇ
366 2427 430 2511 πρὸ
455 2423 484 2489 δ’
507 2436 625 2490 νωνῶν
648 2425 665 2491 ὁ
685 2425 805 2512 Ὠρίων
829 2426 955 2511 ἀνίσχει
979 2426 1033 2492 καὶ
1053 2429 1177 2515 στέφα-

167 2557 225 2609 νος
249 2533 372 2615 δύεται,
395 2530 450 2596 καὶ
474 2530 615 2618 ζέφυρος
637 2543 721 2598 πνεῖ.
1189 2560 1214 2600 ω

236 2723 254 2777 3
274 2722 378 2778 Colum.
397 2723 415 2778 l.
436 2741 457 2778 s.
482 2724 568 2791 VIII,
588 2726 649 2780 VII
662 2733 687 2780 et
710 2727 754 2780 VI
772 2727 822 2780 cal.
842 2727 896 2779 Ιαί.
915 2727 1074 2795 solstitium,
1096 2730 1175 2796 favo·

165 2798 230 2851 τιν’τε
248 2802 273 2850 et
290 2797 371 2849 calor.
400 2794 433 2848 ef.
453 2794 511 2850 Pol.
532 2795 598 2850 silv.
618 2803 659 2851 25.
676 2797 736 2851 Iun.
764 2797 825 2851 Aet.
849 2797 916 2864 μηνὶ
937 2801 975 2869 τῷ
999 2800 1073 2871 αὐτῷ
1094 2799 1164 2870 (Iun.

165 2874 197 2922 ιῐὲ
211 2911 217 2922 .
229 2910 252 2922 ..
269 2866 320 2920 είσλ
339 2863 370 2920 δὲ
389 2867 490 2933 τροπαὶ
507 2865 630 2933 θεριναί.
648 2866 813 2938 Ιάίφνιόίον
828 2868 859 2920 F
868 2870 877 2937 Ιλ
893 2869 908 2922 7
924 2866 1005 2931 νότος
1021 2867 1053 2922 δὲ
1068 2865 1163 2940 (λεόσει

166 2957 219 2994 om.
242 2938 326 2992 Leon.
350 2940 359 3006 ss
383 2936 421 2990 10
440 2936 544 2990 Colum.
564 2938 582 2991 l.
603 2957 623 2993 s.
646 2939 702 2992 III
721 2940 770 2993 ιιιί.
797 2941 851 2993 Iul.
870 2946 980 2994 ventosa
997 2947 1147 3009 tempestas.
1172 2943 1176 3015 Ι

165 3011 204 3065 10
218 3012 247 3063 et
262 3009 310 3064 11.
326 3008 363 3062 12
377 3007 451 3062 inter
465 3024 493 3061 se
507 3011 600 3062 mutat
614 3011 645 3063 F
654 3012 663 3079 Ιχ
678 3010 713 3063 11
728 3010 845 3066 Ptolem.
861 3015 884 3063 6.
899 3009 1044 3080 Epiphi=
1055 3018 1098 3067 30.
1114 3013 1174 3068 Iun.

165 3098 224 3170 ἀρα
234 3087 272 3154 ’τό
291 3099 305 3154 ό
325 3098 406 3181 μέρος
423 3105 472 3166 τῆς
490 3098 576 3166 ζώνης
594 3107 643 3153 τοῦ
656 3096 787 3167 ’Ὠρίωνος
802 3098 940 3180 ἐπιτέλλει,
954 3102 963 3170 ΙΙ
978 3100 1015 3155 18
1029 3099 1088 3155 Pol.
1105 3101 1174 3157 Silv.

165 3155 255 3226 31111.
274 3172 409 3238 favomus.
428 3171 431 3238 Ι
452 3169 559 3239 ταραχή
579 3170 609 3223 F
625 3171 630 3242 λ
649 3178 699 3224 τοῦ
717 3169 822 3224 πόντου
840 3171 870 3224 F
888 3173 891 3240 λ
912 3171 958 3223 hle
977 3170 1094 3240 exphclffl
1113 3174 1174 3228 cod.

165 3260 278 3314 Barber.
297 3261 311 3385 χ
334 3258 382 3314 19.
400 3258 439 3312 20
456 3258 572 3312 Ptolem.
593 3264 634 3314 10.
653 3258 756 3328 Epiphi
770 3287 804 3305 =
818 3264 843 3314 4.
857 3259 908 3313 Iul.
928 3258 987 3334 ὥρᾳ
1003 3249 1040 3315 {3‘
1053 3261 1085 3320 ς”
1107 3261 1123 3316 ὁ
1143 3261 1176 3347 ἐν

164 3337 201 3403 τῷ
225 3331 296 3401 ἑπομ
311 3352 350 3404 νςο
373 3329 436 3411 ἀριω
458 3339 508 3384 τοῦ
527 3328 658 3397 Ὠρίωνος
683 3330 823 3385 ἐπιτέλλει.
860 3331 921 3385 Aet.
946 3332 1012 3400 μηνὶ
1032 3330 1175 3404 Ἰονλίωχ

419 3387 425 3402 Ι

164 3401 192 3471 (i.
212 3419 234 3455 e.
259 3405 347 3456 antec.
373 3403 428 3470 dle)
445 3400 544 3470 Ὠρίων
567 3399 629 3463 ὅλος
652 3397 792 3455 ἐπιτέλλει.
829 3401 900 3456 Plin.
920 3402 1010 3456 XVIH
1027 3409 1079 3458 269
1103 3389 1180 3459 ΠΗ

163 3490 250 3528 nonas
271 3474 414 3528 Chaldaeis
433 3489 533 3527 οονωιιι
550 3474 648 3527 occidit
665 3475 806 3542 matutino,
826 3474 933 3528 Atticae
952 3473 1036 3529 Orion
1054 3482 1127 3531 totus
1144 3493 1176 3532 eo

164 3545 208 3598 die
229 3547 356 3599 ιπονιίιιν.
394 3544 499 3598 Colum.
519 3551 552 3598 51
576 3545 649 3597 IIII
667 3561 730 3598 νιονι.
750 3546 804 3597 Iul.
828 3561 929 3600 εονοιιο
947 3548 1045 3601 occidit
1062 3549 1174 3622 νιααι.Ι

165 3613 312 3686 στέφανος]
331 3617 436 3670 ciconia
455 3614 483 3684 (i.
503 3631 526 3669 ε.
545 3612 691 3684 πέλαρχος)
709 3614 792 3668 Leon.
