2490 4124
299 253 340 309 IN
358 253 445 308 LYDI
463 252 603 307 LIBRVM
620 251 669 306 DE
689 251 863 308 OSTENTIS
1028 253 1080 307 XV

67 445 132 505 que
154 425 192 484 ab
216 424 312 483 Hesio
336 423 514 500 neglectam.
562 439 597 480 ea
620 421 716 497 igitur
738 422 943 482 additamenta
960 426 1084 499 propter

68 515 294 593 praestantiam
318 510 428 570 codicis
450 510 546 569 malui
568 510 599 568 in
623 512 797 569 contextum
820 512 965 589 recipere,
994 530 1085 587 quam

68 605 185 663 reicere
209 603 241 661 in
265 600 503 676 adnotationem3
527 599 673 659 nonnulla
700 618 772 658 sane
799 619 859 659 uon
886 601 964 658 bona
993 600 1084 659 Grae-

72 693 167 753 citate
188 693 260 750 sunt
278 689 461 765 conscripta3
480 687 652 747 inauditum
669 689 771 747 tamen
789 688 915 749 verbum
934 685 1083 766 παχνήτης

68 803 97 858 p.
120 782 261 857 130,12
285 778 388 854 potius
416 779 593 853 corruptum
621 795 683 836 esse
706 777 828 836 videtur
851 769 934 858 (vide
958 777 1083 836 adnota-

69 871 187 930 tionem
205 868 244 932 ad
262 868 282 926 l.
303 859 340 948 s.)
360 884 451 943 quam
474 866 717 942 interpolationis
736 867 933 943 suspitionem
955 884 1083 925 movere.

138 957 218 1016 Dein
241 956 273 1014 in
296 955 397 1015 codice
425 954 674 1014 Laurentiano
697 956 786 1030 plut.
812 956 867 1033 80,
888 956 928 1014 23
954 953 1083 1013 chartac.

70 1047 189 1107 saeculi
201 1044 258 1105 XV
277 1035 321 1124 (L
334 1044 396 1102 hui.
411 1036 497 1123 edit.)
511 1046 581 1119 post
604 1043 804 1119 Theophrasti
819 1044 1007 1103 characteres
1020 1045 1084 1102 tae·

69 1136 196 1196 terrimo
210 1133 339 1210 scriptae
360 1133 505 1208 leguntur
526 1132 725 1209 astrologicae
742 1132 961 1208 disputationes
978 1132 1082 1191 haece:

73 1217 111 1306 1)
132 1220 199 1304 περὶ
221 1230 280 1282 τῶν
298 1217 429 1298 ἡλιακῶν
447 1218 497 1280 καὶ
515 1223 696 1297 σεληνιακῶν
716 1211 933 1302 διοσημείωνῙθ)
956 1217 1007 1279 καὶ
1024 1228 1084 1279 τῶν

71 1311 103 1386 ἐξ
130 1310 229 1372 αὐτῶν
246 1313 417 1371 καθολικῶν
436 1306 674 1387 ἀποτελεσμάτων
693 1301 758 1386 (fol.
779 1313 818 1368 12
839 1313 910 1370 rect.
924 1341 962 1350 -
974 1309 1024 1368 fol.
1042 1311 1081 1368 16

68 1393 178 1483 vera),
209 1392 243 1482 2)
271 1397 337 1479 περὶ
358 1406 513 1478 κεραυνῶν
543 1390 609 1479 (fol.
631 1399 670 1458 16
695 1417 772 1459 vers.
787 1430 829 1439 -
844 1399 895 1458 fol.
917 1401 957 1458 18
983 1389 1085 1478 vers),

71 1484 108 1571 3)
124 1485 192 1569 arpi
210 1495 336 1566 σεισμῶν
351 1481 416 1568 (fol.
442 1490 482 1547 19
502 1488 689 1547 rect-fol.
709 1490 750 1546 22
775 1479 863 1569 rect.)
901 1480 937 1570 4)
956 1482 1083 1566 τὰμέρη

68 1587 124 1657 τῆς
148 1575 277 1657 σφαίρας
300 1574 458 1654 οἰκήματα,
482 1567 516 1657 5)
540 1583 602 1647 πῶς
627 1574 783 1654 δυνάμεθα
800 1574 898 1656 εὑρεῖν
920 1573 952 1636 τὸ
976 1571 1083 1657 ζῴδιον

68 1665 122 1728 καὶ
150 1663 205 1743 τὴν
232 1669 339 1745 μοῖραν
366 1662 443 1724 ἔνθα
469 1661 547 1724 ἐστὶν
576 1661 591 1724 d
620 1663 702 1743 ἥλιος
729 1666 790 1724 alia
813 1665 932 1724 similia.
978 1683 1083 1723 earum

70 1754 314 1833 disputationum
332 1755 441 1831 quarta
460 1747 605 1834 (epitome
619 1754 755 1831 vulgaris
775 1753 954 1812 Chaldaioae
972 1752 1082 1811 doctri-

70 1837 144 1926 nae)
168 1845 199 1903 et
222 1843 328 1919 quinta
351 1837 396 1922 (in
421 1861 480 1918 qua
503 1841 736 1923 παραδείγματος
759 1838 843 1901 ἕνεκα
873 1841 936 1899 dies
960 1839 1083 1917 quidam

71 1934 145 1994 anni
169 1933 241 1992 936.
269 1932 339 2007 post
369 1929 546 2008 Augustum
578 1929 734 1989 Caesarem
767 1919 906 2008 ponitur)
938 1928 1014 1986 nihil
1044 1928 1083 1988 ad

70 2041 126 2082 nos
155 2020 322 2097 pertinent3
351 2019 444 2078 tertia
474 2022 520 2078 est
552 2018 690 2096 Lydiana
719 2017 890 2095 disquisitio
919 2018 955 2076 de
983 2019 1083 2076 terrae

72 2110 207 2170 motibus
238 2099 317 2188 (cap.
333 2099 491 2188 53—58),
521 2107 652 2166 secunda
681 2107 815 2166 eiusdem
845 2106 1016 2166 dissertatio
1045 2106 1082 2165 de

69 2198 249 2259 fulminibus
280 2187 358 2277 (cap.
379 2188 541 2277 43-52),
570 2197 669 2273 prima
699 2197 828 2273 denique
859 2196 978 2255 exhibet
1004 2195 1083 2272 Lydi

70 2288 171 2365 capita
195 2277 325 2345 9-15b
349 2277 392 2363 (p.
408 2287 459 2360 45,
476 2276 532 2365 13)
556 2285 613 2362 ita,
636 2287 672 2344 ut
695 2289 726 2345 et
743 2286 826 2361 prior
843 2286 954 2344 lacuna
972 2285 1082 2344 codicis

72 2375 223 2437 Oaseolini
236 2378 303 2435 tota
319 2374 484 2450 expleatur,
508 2376 538 2432 et
558 2375 655 2433 altera
668 2374 799 2432 maxima
813 2393 848 2433 ex
866 2377 961 2450 parte.
1000 2372 1082 2448 quod

69 2467 109 2526 ad
137 2465 268 2540 priorem
295 2463 437 2521 lacunam
467 2462 578 2522 attinet
605 2481 642 2522 ne
670 2463 718 2522 hic
746 2461 868 2539 quidem
890 2461 983 2522 codex
1004 2460 1082 2537 Lydi

69 2554 165 2632 ipsius
193 2551 287 2613 verba
316 2551 428 2610 referre
458 2550 594 2628 videtur,
627 2552 756 2626 epitome
786 2554 888 2611 tamen
925 2553 1006 2609 certe
1036 2551 1086 2608 est

69 2644 170 2702 multo
194 2641 323 2716 amplior
347 2658 437 2716 quam
460 2640 521 2698 ista
543 2640 743 2699 Crameriana.

139 2730 391 2807 Perpostremam
399 2731 518 2805 partem
528 2729 677 2788 saltemin
691 2728 792 2789 codice
801 2729 831 2786 L
840 2728 932 2788 uerba
942 2726 1081 2804 Lydiana

68 2819 159 2881 valde
183 2818 343 2878 decurtata
367 2835 430 2876 esse
454 2818 580 2877 docetur
602 2837 661 2876 non
685 2818 783 2877 solum
800 2817 906 2893 paucis
926 2817 977 2893 eia,
1002 2835 1081 2893 quae

69 2908 205 2970 servavit
235 2906 410 2966 Oaseolinus
438 2925 474 2964 ex
507 2904 689 2982 Campestris
716 2907 752 2964 de
781 2906 905 2965 cometis
937 2905 1080 2964 disserta·

10 3040 12 3045 ,
68 2997 221 3072 tiuncula,
245 2994 408 3055 sedetiam
428 2995 544 3056 duobus
563 2995 630 3053 aliis
650 2995 800 3054 codicibus
818 2993 1080 3053 Laurentianis

67 3073 1080 3164 pmmmfflmmmmmmmmp

70 3193 201 3253 quorum
230 3174 283 3233 ille
313 3172 489 3232 chartaceus
519 3172 649 3248 scriptus
680 3175 726 3232 est
753 3173 873 3231 saeculo
898 3170 1000 3247 XIIII,
1031 3170 1080 3229 hic

69 3260 178 3344 (quem
196 3263 268 3322 olim
286 3262 348 3321 iam
361 3261 500 3321 adhibuit
515 3260 665 3320 Osannus:
683 3282 711 3322 v.
731 3279 823 3337 supra
836 3281 865 3337 p.
879 3251 967 3338 XIII)
987 3278 1079 3318 mem-

68 3352 238 3411 branaceus
262 3369 339 3410 anno
365 3352 449 3410 1491
474 3349 512 3409 ab
534 3349 645 3409 Ioanne
668 3349 767 3409 Rhose
792 3341 842 3430 (ut
860 3351 991 3408 testatur
1009 3348 1079 3407 sub-

69 3441 209 3517 scriptio:
245 3438 466 3521 μετεγράφησαν
498 3436 548 3498 καὶ
576 3436 612 3497 τὰ
633 3436 765 3518 παρόντα
793 3434 858 3515 ἤτοι
888 3436 1081 3517 φροννσύεσν-

10 3612 26 4017 ρ
143 3629 191 3698 10)
203 3626 243 3682 De
257 3627 310 3683 hac
324 3626 414 3682 forma
428 3626 493 3682 vide
506 3626 551 3680 Fr.
561 3625 637 3680 Riihl
650 3625 816 3681 musRhen.
831 3623 920 3678 XXIX
933 3643 961 3694 p.
972 3630 1005 3679 85
1015 3642 1042 3678 n.
1054 3629 1079 3679 1.
