2490 4124
177 270 241 335 166
571 268 788 324 EPIMETRVM

174 434 214 499 fit
236 437 269 498 et
291 433 474 498 candidus
498 436 662 498 cometes
682 428 834 519 argenteo
853 433 939 498 crine
957 433 1005 498 ita
1024 432 1192 520 refulgens

175 544 213 606 ut
240 541 295 604 rix
317 539 462 605 contueri
484 539 592 625 liceat,
620 539 787 623 specieque
810 539 951 604 humana
974 539 1027 625 dei
1049 541 1193 626 effigiem

176 648 268 713 inse
292 646 462 712 ostendens
470 644 496 732 1)
520 644 554 733 (ι’.
578 667 601 711 e.
626 645 644 711 6
667 649 811 730 κομήτης
833 655 894 711 τοῦ
917 645 1026 734 Διός).

246 864 270 912 2.
289 856 436 911 APVLEH
454 855 552 910 APVD
570 855 701 910 LYDVM
719 856 767 909 DE
786 855 969 912 MENSIBVS
988 856 1041 910 ΠΠ
1061 863 1118 912 71.

127 990 131 999 ·
242 971 406 1052 Κομητῶν
434 966 505 1049 είδη
525 967 654 1030 ..κατά
681 966 741 1030 τὸν
765 963 924 1050 Ῥωμαῖον
947 964 1192 1052 Ἀπουλήιον

175 1074 269 1160 δέκα,
298 1076 425 1157 λππίας,
449 1071 575 1158 ξιφίας,
597 1075 789 1156 πωγωνίας,
814 1073 942 1156 δοκίας,
965 1077 1085 1158 πίθος,
1109 1079 1191 1159 λαμ-

174 1183 309 1265 παδίας,
334 1183 491 1264 κομήτης,
515 1179 663 1263 δισκεύς,
686 1176 852 1266 τυφάνδ),
875 1180 1042 1265 κεράστης.
1092 1181 1149 1247 καὶ
1174 1183 1191 1248 6

175 1287 236 1374 μὲν
264 1290 402 1364 ἱππίας
431 1286 466 1351 ἐκ
493 1294 553 1350 τοῦ
582 1286 709 1371 δρόμου
737 1283 793 1350 καὶ
820 1295 879 1370 τῆς
902 1284 1059 1370 ὀξύτητος
1084 1289 1193 1366 οὕτως

176 1396 370 1478 ὠνομάσθη,
387 1396 529 1476 πλαγίας
548 1388 585 1457 δδ
603 1390 659 1457 καλ
678 1392 827 1478 άμυδράς
845 1392 978 1470 άκτῑνας
993 1394 1191 1480 διαρραίνει.

177 1501 194 1567 6
224 1497 261 1564 δέ
288 1498 423 1584 ξιφίας
447 1500 543 1583 δίκην
567 1496 686 1583 ξίφους
708 1498 729 1583 ἢ
752 1502 874 1584 λόγχης
896 1509 1023 1586 μακρᾶς
1046 1499 1192 1568 ἐκτεινό-

175 1630 275 1692 μενος
299 1609 463 1691 φαίνεται,
486 1606 593 1691 ὠχρὸς
616 1603 654 1671 δέ
676 1604 732 1671 καὶ
754 1607 982 1691 νεφελοειδής·
1010 1606 1028 1672 6
1052 1605 1092 1673 δέ
1114 1631 1192 1674 πω-

176 1716 321 1799 γωνίας
348 1714 410 1798 τὴν
432 1714 557 1797 λοφιὰν
580 1712 621 1778 οὐ
644 1714 728 1777 κατά
749 1717 910 1797 κεφαλῆς,
934 1712 1004 1778 ἀλλ’
1032 1714 1191 1781 ὑποκάτω

177 1822 363 1907 διαρραίνει
400 1821 498 1904 δίκην
533 1821 706 1903 πώγωνος·
748 1819 765 1885 6
799 1816 836 1885 δὲ
869 1817 1040 1907 δοκίαςθ)
1075 1821 1193 1906 ὅμοιος

177 1927 277 2012 ἐγγύς
305 1927 373 1993 ἐστι
401 1935 447 2014 τῷ
471 1924 579 2012 ξιφία,
608 1924 678 1990 ἀλλ’
707 1926 768 1991 οὐκ
792 1924 898 2003 ὀξείας
922 1929 1002 2011 ἔχει,
1031 1927 1193 2011 ἀμβλείας

178 2032 214 2099 δὲ
241 2035 299 2110 τάς
323 2032 466 2120 άρχάς4).
512 2032 529 2098 6
554 2013 734 2109 66'210'603
758 2032 793 2097 ἐκ
815 2041 875 2097 τοῦ
900 2036 1077 2117 σχήματος·
1111 2035 1129 2101 6
1156 2034 1192 2101 δὲ

177 2140 398 2224 λαμπαδίας
425 2139 582 2225 πυρώδης
609 2137 664 2204 καὶ
692 2141 790 2222 δίκην
816 2141 1010 2226 πυρώπιδος
1037 2144 1143 2208 λίθου
1172 2143 1192 2226 ἢ

178 2246 321 2332 δένδρου
345 2244 524 2330 καιομένου
543 2244 670 2330 πέφυκε
690 2246 900 2330 διαλάμπειν·
925 2246 942 2311 6
963 2244 999 2311 δὲ
1018 2252 1193 2334 κομήτης

177 2351 334 2439 πλατύςδ)
359 2353 427 2418 ἐστι
450 2353 487 2417 τὸ
512 2348 601 2429 εἶδος
623 2350 678 2417 καὶ
701 2353 810 2439 ὥσπερ
834 2352 990 2440 λλαρόςθ),
1014 2354 1192 2441 άργυροει-

178 2461 247 2536 δεῖς
269 2482 363 2536 τινας
385 2459 575 2543 πλοκάμους
598 2458 716 2524 ἕλκων·
743 2459 760 2524 6
786 2457 822 2524 δὲ
846 2460 1006 2537 δισκεὺς
1030 2459 1063 2538 ἐξ
1089 2462 1193 2547 αὐτῆς

177 2576 235 2649 της
261 2569 486 2651 προσηγορίας
514 2566 611 2649 δίκην
635 2566 753 2631 δίσκου
777 2571 946 2650 φαίνεται,
975 2567 1015 2631 οὐ
1040 2571 1193 2656 λαμπρὸς

178 2668 259 2736 οὐδὲ
287 2670 442 2757 ἐρυθρός,
470 2670 539 2736 ἀλλ’
568 2673 677 2759 ὥσπερ
705 2675 878 2759 ἤλεκτρον·
911 2673 929 2739 6
958 2670 996 2738 δὲ
1019 2675 1192 2763 τυφὼυῗ)

250 2866 276 2933 1)
296 2865 339 2918 esi
366 2863 380 2917 6
408 2865 530 2933 κομήτης
555 2863 618 2918 κατ’
645 2861 743 2936 ἔξοχήν
762 2865 923 2936 Apuleii=
937 2874 987 2920 τοῦ
1011 2863 1081 2929 Διός
1108 2867 1192 2937 Lydi,

178 2935 292 3004 Avieni,
320 2934 550 3005 Hephaestionis,
580 2937 655 3005 opud
682 2953 766 3005 quem
793 2937 880 2991 habes
905 2936 961 3007 ἔχει
988 2934 1019 2990 δὲ
1044 2937 1075 2991 ἐν
1100 2937 1192 3012 ἑαυτῷ

178 3009 309 3076 ἀνδρεῖον
328 3004 477 3075 πρόσωπον
496 3008 532 3069 ὡς
553 3009 648 3062 δοκεῖν
665 3012 750 3076 θεοὺς
774 3008 871 3077 itaque
888 3024 1035 3077 perperam
1053 3010 1193 3066 λαυιανιαι

178 3078 306 3152 <fooi>ei
328 3077 448 3132 seribere
471 3077 563 3131 voluit
580 3077 724 3133 Detlefsen
746 3082 756 3149 ΙΙ
783 3082 809 3147 2)
828 3079 925 3148 τύφων
944 3079 1004 3132 eod.
1032 3081 1042 3148 11
1070 3083 1098 3149 3)
1116 3080 1192 3136 hanc

177 3151 297 3205 formam
320 3150 356 3203 ob
377 3148 489 3202 Osanno
514 3151 618 3203 auctas.
640 3149 720 3204 lexic.
740 3169 767 3219 p.
784 3156 835 3204 104
853 3150 883 3203 in
902 3149 1088 3219 suspitionem
1106 3168 1192 3206 voea-

177 3225 238 3276 tam
260 3223 375 3275 tuentur
399 3219 588 3290 Olympiodor.
611 3219 642 3274 in
664 3221 808 3275 Aristotel.
832 3220 975 3275 meteorol.
998 3221 1047 3275 fol.
1070 3221 1120 3276 14b
1139 3244 1192 3277 κα-

177 3297 265 3347 λεῖται
284 3293 393 3355 δοκίας·
413 3300 535 3346 τοιοῦτοι
553 3291 606 3361 γάρ
622 3290 651 3346 οἱ
662 3289 750 3360 δοκοί,
769 3291 916 3362 Philopon.
931 3291 962 3345 in
976 3293 1058 3347 eund.
1075 3293 1124 3348 fol.
1141 3301 1193 3348 98⁸

178 3363 229 3417 alii
247 3366 256 3433 ΙΙ
274 3365 302 3432 4)
321 3363 409 3434 ἀρχάς
427 3363 457 3416 in
477 3361 570 3432 σειράς
583 3362 707 3417 Heroher
724 3363 854 3432 mutavit,
873 3363 904 3416 in
922 3365 1038 3426 ἀκτῖνας
1051 3363 1191 3434 Roethe13

177 3434 271 3503 potius
291 3434 380 3503 ἄκροις
398 3433 565 3488 coniecerim
578 3437 587 3503 ΙΙ
601 3437 626 3502 5)
646 3434 751 3497 πλατύς
770 3435 804 3488 δε
823 3438 933 3489 cometa
951 3434 999 3488 vix
1014 3434 1071 3488 diei
1085 3438 1191 3506 potest,

177 3504 752 3631 ηιαηηωηηωι
767 3504 1192 3632 vennonenses

177 3644 264 3698 Plinii
284 3646 442 3700 ‘candidus’
464 3649 492 3701 et
511 3619 612 3701 Aviini
632 3598 775 3702 ‘blansiui’
791 3651 800 3718 η
816 3651 841 3717 7)
859 3648 956 3718 τάφων
975 3620 1059 3702 00ss
1185 3623 1191 3634 ι
