2490 4124
115 251 231 319 XXXIV
483 247 758 303 PROLEGOMENA

117 419 170 479 sed
188 421 314 495 apparet
337 436 405 475 eum
428 416 643 475 Petosiriacam
670 435 748 492 quae
771 416 811 475 ad
831 418 1008 494 Aegyptum
1032 421 1131 479 solam

117 507 266 584 spectavit
285 506 451 565 doctrinam
470 505 508 563 ad
527 505 574 564 sui
592 504 660 565 aevi
678 508 709 564 et
727 505 854 564 Romani
872 506 953 583 quod
967 510 1043 567 tunc
1063 513 1130 568 erat

117 596 235 673 imperii
265 598 379 655 statum
407 594 616 670 rationemque
646 592 850 669 adaptavisse:
888 598 981 672 atque
1004 600 1131 672 praeter

117 688 217 745 cetera
244 684 297 761 qui
324 683 436 760 ubique
464 682 568 741 subest
591 682 751 740 Persarum
781 687 881 742 metus
908 683 1006 761 digito
1040 687 1131 762 qnasi

116 776 264 834 monstrat
299 773 422 831 ultimos
461 771 523 829 fere
558 771 670 830 saeculi
703 770 788 830 tertii
819 763 972 852 annosffi),
1015 774 1129 850 quibus

117 862 322 940 Campestrem
354 860 463 920 risisse
495 859 628 935 proclive
661 862 707 918 est
738 853 931 942 0041094446)
991 864 1130 922 ceterum

116 952 196 1027 apud
219 949 415 1026 Fulgentium
437 948 547 1007 contin.
566 947 679 1025 Vergil.
703 968 731 1024 p.
755 950 817 1007 742
843 948 957 1010 Staver.
981 954 1130 1010 narratur

114 1038 292 1115 ‚Campester
314 1032 362 1095 ‘in
385 1036 559 1095 catabolicis
582 1030 855 1114 infernalibusque'
879 1038 1028 1098 cecinisse.

183 1126 256 1196 Quis
283 1129 435 1203 postremo
463 1125 556 1184 fuerit
578 1125 732 1185 Fulvius
763 1125 901 1185 defensor
928 1126 1127 1188 divinationis

117 1217 314 1294 astrologicae
336 1215 369 1273 in
387 1232 451 1291 cap.
467 1216 507 1273 16
532 1204 698 1293 (Φούλβιος
716 1209 749 1272 ἐκ
767 1221 826 1273 τῶν
843 1218 897 1274 τοῦ
916 1217 1026 1294 Νουμᾶ
1047 1215 1129 1277 ἱστο-

115 1297 235 1386 ρήσας),
262 1321 385 1381 prorsus
408 1303 580 1380 ignoratur;
610 1303 726 1378 opinati
756 1303 877 1379 quidem
907 1307 978 1364 sunt
1009 1306 1128 1366 Merkel

114 1395 229 1471 proleg.
245 1392 329 1454 Ovid.
350 1392 417 1451 fast.
435 1411 463 1467 p.
478 1391 586 1449 LXXV
606 1391 667 1468 alii,
686 1409 750 1450 esse
768 1390 911 1453 Fulvium
929 1393 1017 1451 illum
1030 1393 1128 1454 Nobi-

114 1483 221 1541 liorem
244 1482 297 1559 qui
318 1483 396 1539 teste
416 1478 551 1539 Charisio
570 1479 585 1537 Ι
603 1501 632 1556 p.
649 1475 711 1538 112
735 1480 856 1539 Putsch.
893 1481 988 1541 fastos
1002 1483 1129 1560 scripsit

114 1571 134 1628 i.
158 1588 182 1629 e.
216 1569 420 1629 calendarium
448 1568 616 1644 composuit
648 1587 708 1627 nou
736 1569 880 1628 dissimile
902 1570 991 1628 Verri
1021 1570 1128 1632 Flacci

117 1649 373 1739 Praenestino⁴⁷);
397 1658 448 1716 sed
472 1675 518 1715 me
541 1655 640 1715 iudico
663 1657 809 1717 audacius
832 1676 923 1734 quam
945 1659 1057 1721 serius.

181 1747 246 1807 Iam
268 1766 338 1810 vero
363 1745 532 1823 quaeritur,
555 1764 627 1803 num
649 1747 728 1805 ratio
756 1749 787 1805 et
813 1749 923 1805 natura
945 1747 1130 1809 Etruscae

114 1840 145 1897 et
173 1836 353 1897 Romanae
384 1835 559 1912 disciplinae
589 1852 691 1894 sacrae
718 1834 750 1892 in
777 1835 853 1895 libro
881 1835 1018 1911 Lydiano
1041 1840 1127 1897 recte

113 1926 210 2003 possit
240 1925 382 2003 perspici,
414 1945 486 1982 num
515 1942 588 1983 vera
616 1923 699 1982 illius
729 1922 923 1984 divinationis
952 1926 1053 2003 imago
1086 1927 1128 1986 sit

114 2014 277 2090 proposita.
319 2015 510 2089 incorruptae
522 2011 651 2090 quidem
674 2012 804 2071 colorem
821 2012 1013 2089 antiquitatis
1035 2014 1070 2073 in
1090 2034 1126 2077 eo

115 2102 279 2162 desiderari
301 2121 388 2166 nemo
412 2102 552 2162 inventus
576 2104 622 2160 est
650 2101 706 2182 qui
730 2103 863 2177 negaret.
910 2104 1002 2178 atque
1024 2104 1126 2180 primo

116 2191 225 2250 obtutu
244 2190 336 2265 vides,
359 2192 571 2265 imperatorem
590 2187 748 2248 Gaesarem
767 2189 892 2266 eiusque
911 2191 1013 2250 aulam
1031 2210 1126 2270 saepe

115 2280 352 2356 commemorari,
372 2278 589 2337 controversias
604 2277 789 2358 dogmaticas
803 2278 898 2355 tangi,
912 2280 961 2339 vel
974 2280 1127 2340 ieiunium

115 2366 356 2427 Christianorum
383 2357 550 2448 respiciffl),
580 2367 642 2425 fere
673 2365 793 2425 unicam
822 2370 943 2444 gentem
972 2370 1058 2428 cuius
1083 2371 1124 2429 ir·

114 2457 216 2532 ruptio
240 2475 357 2534 semper
379 2455 534 2515 immineat
556 2455 664 2514 Persas
688 2472 766 2531 esse,
796 2455 849 2532 qui
871 2459 1006 2532 tempore
1030 2457 1123 2518 Iusti·

115 2545 222 2604 nianeo
244 2546 329 2624 regni
352 2544 512 2622 Byzantini
539 2543 653 2603 fuerint
674 2543 776 2602 hostes
804 2537 1026 2627 perniciosi⁴⁹)‚
1055 2550 1124 2606 tan-

115 2635 182 2692 tum
205 2652 264 2692 non
288 2634 388 2694 omnia
410 2633 543 2696 moribus
566 2632 649 2691 illius
673 2632 740 2692 aeri
763 2633 908 2708 adaptata
930 2652 1004 2695 esse.

186 2841 232 2909 45)
250 2838 284 2894 of.
303 2839 393 2907 Riese,
413 2839 478 2893 diss.
519 2844 582 2893 .21.

186 2913 232 2982 46)
250 2910 342 2964 minus
361 2913 435 2964 recte
455 2910 486 2965 0.
530 2908 602 2962 iiller
619 2909 726 2963 Etruso.
746 2908 772 2962 Π
789 2926 816 2977 p.
833 2914 866 2962 38
890 2925 954 2963 eum
972 2909 1121 2977 aequalem

113 2981 171 3037 fere
189 2981 302 3052 Apulcii
320 2979 514 3035 Madaurensis
533 2980 619 3034 fuisse
639 2979 747 3034 statuit.

184 3060 218 3109 47
258 3053 292 3107 cf.
315 3053 470 3107 Mommsen
491 3053 618 3107 romische
642 3051 817 3122 Clarorrolopic
843 3069 869 3120 p.
889 3057 922 3104 41
946 3069 974 3105 n.
994 3056 1026 3105 51
1053 3050 1119 3106 edit.

115 3124 204 3180 alt.C
258 3124 285 3178 Il
324 3129 405 3178 ,362Ι

184 3198 230 3267 48)
254 3195 287 3251 cf.
302 3143 381 3248 Iilaec
403 3193 522 3264 praefat.
545 3211 572 3262 p.
587 3193 675 3262 XVII,
698 3193 783 3247 Hertz
801 3191 897 3262 Nigid.
916 3210 943 3262 p.
959 3198 993 3247 33
1012 3196 1070 3247 not.
1090 3199 1119 3260 33

114 3267 148 3321 de
162 3266 268 3321 ieiunio
283 3266 316 3321 of.
332 3285 358 3336 p.
375 3270 408 3320 76
426 3285 451 3320 v.
468 3271 510 3334 16,
529 3264 564 3318 de
578 3263 774 3319 controversiis
788 3263 956 3334 dogmaticis
975 3282 1001 3333 p.
1013 3269 1047 3317 89
1062 3269 1120 3318 v.3.

183 3341 229 3407 49)
248 3355 345 3394 eorum
364 3337 472 3392 scilicet
489 3334 643 3405 irruptione
662 3335 760 3390 statim
778 3338 843 3405 post
862 3338 989 3389 cometae
1009 3333 1119 3417 appari-

114 3407 219 3462 tionem
237 3409 315 3464 facta
332 3408 425 3478 Lydus
444 3409 517 3478 ipse,
537 3406 586 3475 qui
604 3423 636 3461 eo
655 3423 743 3475 usque
762 3406 895 3476 temporis
915 3405 1120 3460 divinationem

114 3479 312 3549 astrologicam
336 3480 410 3534 anile
435 3483 464 3533 et
480 3478 609 3548 ineptum
626 3495 687 3532 esse
705 3477 851 3532 inventum
869 3476 1039 3547 crediderat,
1065 3475 1119 3531 sibi

112 3551 265 3620 persuasit,
289 3568 352 3606 eam
376 3550 551 3605 verissimam
569 3566 602 3603 ac
619 3565 709 3619 paene
729 3549 855 3603 divinam
873 3565 933 3603 esse
958 3551 1060 3604 artem:
1084 3546 1120 3601 of.

112 3637 233 3690 prooem.
