2490 4124
166 227 210 290 42
497 226 584 282 LYDI
602 227 650 281 DE
669 226 842 283 OSTENTIS

166 390 326 473 τάστήμα,
354 398 413 454 τοῦ
436 393 563 454 Νείλου
591 388 895 476 ὑποξήριινθέντος,
920 390 1004 456 ὥστε
1029 387 1174 476 ἑρπετῶν

165 497 272 560 πάντα
302 500 529 581 πληρωθῆναι.
580 499 609 561 εἰ
642 494 679 562 δὲ
711 495 764 563 ἐπὶ
795 499 857 580 τήν
888 498 1025 583 ἀρκτον,
1062 497 1081 562 ὁ
1114 495 1174 582 μὲν

166 602 291 687 αὐχμὸς
317 610 363 688 τῷ
391 611 508 690 ψυχρῷ
535 612 595 667 τοῦ
618 602 758 688 κέντρου
780 603 1017 688 ἡττηθήσεται,
1044 612 1115 689 πῦρ
1137 600 1174 671 θλ

165 719 236 786 ταῖς
262 709 358 785 ύλαις
385 708 553 792 ἀδοκήτως
580 706 635 773 καί
663 719 733 786 τοῖς
760 710 874 795 ὄρεσιν
899 709 1102 794 ἐμπεσεῖται,
1130 711 1174 788 ὡς

163 812 247 900 μηδὲ
278 817 356 891 τοὺς
388 814 424 879 ἐν
451 825 520 892 τοῖς
548 816 662 900 ἄκροις
687 815 708 899 ή
736 819 913 901 φρουρίοις
941 817 1174 900 διατρίβοντας
1197 842 1209 886 ε

133 920 225 999 Οὲξω
256 931 314 1005 τῆς
342 921 467 1004 βλάβής
494 920 665 1004 γενέσθαι·
701 922 848 1001 θάνατός
875 945 910 986 τε
936 925 1043 998 πολὺς
1070 925 1173 1007 ἔσται,

111 1027 237 1093 ῖοΑκαί
269 1029 409 1112 μάλιστα
441 1024 493 1092 ίπί
525 1038 583 1111 τῆς
614 1029 797 1110 Αἰγύπτου.
844 1027 924 1093 ὅταν
955 1024 993 1093 δὲ
1024 1028 1175 1114 ἀνίσχων

162 1136 246 1221 πρὸς
269 1136 395 1218 δυσμὰς
419 1134 491 1220 ὁρᾷ,
513 1137 697 1219 κεραυνοὺς
719 1130 781 1218 μὲν
803 1143 841 1219 τή
864 1136 964 1220 χώρᾳ,
986 1145 1119 1199 πτῶσιν
1137 1132 1174 1201 δὲ

163 1251 233 1318 τοῖς
246 1243 431 1324 βοσκήμασι
445 1241 650 1325 μαντεύεται,
665 1240 852 1326 ἐμπρησμοί
862 1263 896 1305 τε
907 1244 1038 1305 ἔσονται
1048 1243 1174 1326 βαρεῖς.

554 1468 773 1534 ΚΟΜΗΤΗΣ
1187 1502 1210 1542 ιο

185 1629 188 1638 ·
231 1595 280 1660 15.
305 1589 412 1672 Οὗτος
435 1594 453 1660 ὁ
477 1594 580 1680 ἀστήρ
599 1596 683 1671 Διὸς
705 1594 767 1678 μέν
790 1593 890 1678 ε’στιν,
914 1595 1001 1660 οὕτω
1021 1593 1062 1660 δέ
1078 1594 1173 1662 ἐστιν

162 1702 334 1786 ἐπίσημος,
360 1703 404 1778 ὡς
428 1699 460 1778 ἐξ
484 1701 587 1766 αὐτοῦ
609 1701 734 1777 πάντας
755 1704 835 1778 τοὺς
857 1702 978 1777 ἀλλους
1002 1702 1173 1787 διοσημει-

161 1812 262 1886 ακούς
293 1806 430 1893 ἀστέρας
461 1810 605 1891 κομήτας
635 1808 954 1892 προσαγορεύεσθαι.
1000 1802 1101 1886 οὗτος
1132 1807 1172 1875 δὲ

159 1916 257 2000 ἡνίκα
280 1917 450 2000 λαμπροὺς
472 1912 527 1978 καί
550 1914 778 1999 ἀργυροειδεῖς
800 1916 879 1989 τούς
901 1915 1094 1998 πλοκάμους
1115 1912 1171 1981 ἐπί

158 2026 220 2107 τήν
243 2021 407 2104 ἀνατολήν
425 2020 592 2106 ἀκοντίσή,
615 2021 699 2097 Διὸς
718 2019 798 2104 (gv)
816 2023 960 2108 καρκίνῳ
978 2019 998 2104 ή
1018 2026 1170 2111 σκορπίῳ
1188 2051 1210 2092 ιε

125 2129 178 2212 Βή
208 2129 345 2212 ἰχθύσιν
372 2129 483 2209 ὄντος,
512 2125 658 2212 Πέρσαις
681 2126 793 2209 ἀγαθά
815 2127 941 2210 μεγάλα
962 2129 1170 2211 μαντεύεται.

158 2235 400 2318 ἀναστήσονται
423 2235 485 2319 γάρ
509 2231 563 2298 καί
583 2230 635 2297 ε’πί
654 2234 694 2297 τά
708 2231 874 2316 Ῥωμαίων
893 2233 1090 2318 ἐκχυθέντες
1108 2239 1170 2302 πό-

158 2347 226 2418 λεις
241 2364 276 2405 τε
289 2339 344 2405 καί
358 2340 505 2425 φρούρια
518 2337 730 2421 καθάξουσιν,
749 2341 964 2424 αἰχμαλώτων
977 2365 1012 2406 τε
1026 2343 1170 2430 ἀπειρον

156 2452 287 2531 πλῆθος
313 2445 368 2510 καί
395 2449 540 2510 πλοῦτον
567 2449 676 2511 πολὺν
698 2448 856 2529 λαβόντες
879 2446 1009 2531 νικήταί
1033 2449 1080 2525 εἰς
1104 2452 1169 2533 τήν

158 2553 285 2619 ἑαυτῶν
303 2555 413 2638 χώραν
432 2551 655 2637 ἀναζεύξουσι,
674 2550 757 2638 μηδὲ
775 2557 958 2638 συμβαλεῖν
974 2554 1059 2632 ὅλως
1072 2557 1168 2634 τινὸς
1184 2587 1209 2626 νο

157 2667 367 2746 θαρροῦντος
399 2659 520 2736 αὐτοῖς.
567 2660 646 2724 ὅταν
678 2657 715 2725 δὲ
748 2659 966 2746 ἀποστρόφως
998 2660 1117 2747 ἀνίσχῃ
1147 2663 1166 2728 ὁ

227 2888 243 2942 1
264 2886 279 2941 ὁ
298 2886 393 2956 (rubr.)
416 2885 448 2941 δὲ
467 2889 568 2950 Νεῖλος
591 2889 720 2957 ξήρανθή
740 2889 778 2942 M
799 2889 803 2960 ἰ
829 2885 1065 2956 ύττοξηραίνοντος
1082 2889 1165 2948 libri:

156 2976 225 3014 corr.
245 2957 368 3012 Hercher
381 2957 422 3027 ”8
440 2964 490 3011 τοῦ
508 2955 636 3031 κέντρου]
656 2976 709 3013 om.
725 2960 762 3013 M
773 2959 814 3029 115
831 2960 908 3030 τοῖς]
926 2966 985 3022 τοῖς
1000 2961 1035 3014 N
1045 2962 1050 3029 Ι
1066 2959 1167 3030 ἄκροις

157 3042 224 3086 corr.
248 3029 337 3084 Riese.
360 3047 387 3098 p.
406 3034 458 3082 346
481 3045 531 3097 pro
555 3031 651 3099 ἀγροῖς
675 3032 679 3102 Ι
704 3028 904 3104 διατριβόντων
922 3031 956 3083 Ν
978 3033 988 3100 fl
1014 3030 1100 3100 ῖτὴν
1119 3032 1160 3087 Μ

155 3111 213 3165 τοῖς
228 3103 263 3156 N
274 3104 278 3171 Ι
294 3100 432 3170 Αἴγυπτον
447 3100 484 3153 Μ
496 3103 501 3170 Ι
518 3098 586 3155 ὅταν
604 3099 635 3155 δὲ
654 3102 788 3173 ἀνίσχων]
808 3102 833 3156 εἰ
851 3098 882 3155 δὲ
896 3101 991 3172 (rubr.)
1006 3107 1042 3156 M
1050 3102 1092 3172 118
1111 3079 1166 3173 μὲύ

156 3190 210 3227 om.
233 3172 271 3227 Μ
274 3173 308 3227 Ν
315 3173 335 3297 χΙ
359 3170 396 3227 10
419 3171 552 3242 κομήτης]
576 3173 645 3235 Διὸς
669 3173 790 3243 κομήτης
812 3174 853 3236 Ν,
881 3173 945 3238 περὶ
967 3172 1089 3244 κομήτου
1112 3185 1164 3230 τοῦ

157 3245 226 3308 Διὸς
244 3245 282 3298 Μ
292 3245 301 3313 ss
336 3243 351 3296 1
372 3240 602 3312 μὲν-ἐπίσημος
612 3245 687 3334 pm]
706 3243 827 3314 κομήτης
845 3242 926 3297 ἐστίν.
947 3241 1004 3297 ἔστι
1022 3242 1053 3298 δὲ
1068 3244 1164 3316 ἐπίση-

155 3312 426 3453 33⁹affiff‘⁶?mz„{{
434 3313 686 3466 11111111ῗί
696 3315 781 3440 1ῗά
790 3312 1030 3456 mm
1036 3315 1165 3456 „¹335

155 3457 210 3526 M}
227 3458 258 3512 ἐν
276 3456 340 3511 add.
360 3457 467 3510 Usener
485 3472 529 3525 ap.
549 3457 637 3511 mess.
656 3460 665 3527 ΙΙ
686 3457 735 3511 17.
755 3456 792 3511 18
812 3456 935 3526 φρούριά
954 3475 983 3508 τε
1002 3458 1050 3511 καὶ
1068 3455 1164 3522 πόλεις

154 3528 192 3581 M
212 3531 221 3597 Ιί
245 3528 281 3581 18
299 3529 341 3599 τε]
361 3526 392 3582 δὲ
411 3529 445 3581 Ν
457 3530 460 3596 ἰ
477 3525 603 3598 ἀπείρων
623 3528 646 3582 O
665 3532 675 3598 ΙΙ
697 3527 736 3583 20
755 3527 943 3594 ἀναζεύξωσιν
961 3528 995 3581 Ν
1007 3529 1011 3599 ἰ
1027 3529 1094 3598 μήτε
1112 3530 1139 3584 G
1153 3532 1164 3604 ή

153 3598 189 3651 21
210 3598 328 3668 ἀνάσχοι
347 3598 417 3652 LM
419 3599 451 3651 N
