2490 4124
156 249 222 314 296
281 246 475 303 EXCERPTA
493 247 543 301 AD
562 246 798 302 CALENDARIA
817 245 1055 302 SPECTANTIA

158 409 195 477 ἀὲ
226 409 403 487 Εὔδοξος
434 409 586 494 ἀνίσχειν
617 409 721 475 αὐτὸν
750 408 806 475 καὶ
837 410 963 496 βροχάς
999 415 1176 496 σημαίνειν

159 517 216 604 (=
232 518 260 583 d.
275 518 327 583 22.
340 540 382 582 m.
395 515 487 604 Ian.).

226 626 254 690 8.
286 625 327 689 id.
349 624 370 688 1
390 647 414 688 s,
437 633 476 710 τῇ
499 624 564 710 πρὸ
587 622 668 689 δέκα
685 625 869 689 Καλενάῶν
889 625 1174 712 Φεβρουαρίωνὸ

157 734 406 818 Δημόκριτος
434 733 558 814 ἀνεμον
585 733 663 814 λίβα
689 740 831 796 πνεῦσαι
862 729 952 815 λέγει
981 729 1044 819 (=
1073 733 1104 799 (1
1129 732 1175 799 23.

156 862 198 904 111·
216 838 307 926 Im).
1194 869 1204 912 ι
1243 819 1245 830 ⁴

582 961 740 1012 MARTIVS

225 1090 254 1153 9.
279 1088 321 1153 id.
340 1109 365 1152 ο.
381 1088 419 1152 31
443 1109 473 1171 p.
490 1087 540 1152 77.
572 1095 612 1172 τῇ
635 1087 699 1172 πρὸ
723 1086 894 1171 τεσσάρων
916 1089 1057 1152 Νωνῶν
1082 1094 1178 1177 Μαρ

157 1197 239 1260 τίων
262 1196 386 1279 ἀνεμον
412 1196 604 1279 βιαιότερον
631 1194 676 1271 ὡς
704 1191 825 1257 ἐπίπαν
852 1201 950 1257 πνεῖν
972 1194 1139 1280 προλέγει
1162 1195 1178 1262 ὁ

158 1299 335 1378 Εὔδοξος
358 1297 416 1387 (=
431 1300 460 1364 d.
474 1300 504 1364 4.
518 1322 560 1364 m.
575 1296 694 1386 Mart).

228 1408 277 1472 10.
300 1407 341 1471 id.
365 1429 390 1471 ο.
412 1405 455 1471 35
473 1429 503 1490 p.
526 1407 577 1471 79.
608 1407 747 1483 Νώναις
769 1408 938 1492 Μαρτίαις
961 1404 979 1471 ὁ
1005 1408 1209 1495 Βάρρωνιι

158 1515 289 1600 ὄρθρου
321 1514 381 1578 τὸν
412 1511 580 1597 στέφανον
612 1511 757 1578 δύεσθαι
787 1511 875 1596 λέχει
902 1510 958 1577 καὶ
986 1525 1094 1580 πνεῖν
1123 1518 1181 1582 τὸν

157 1623 288 1706 βορρᾶν
310 1618 367 1707 (--
382 1620 411 1685 d.
428 1620 456 1685 7.
470 1643 512 1685 m.
526 1618 646 1701 Mart).

227 1728 277 1792 ll.
305 1727 346 1792 id.
370 1748 394 1791 ο.
409 1728 452 1792 36
471 1749 502 1810 p.
518 1726 569 1790 80.
601 1723 725 1808 ταύτην
747 1727 808 1809 τὴν
830 1723 957 1812 ἡμέραν
980 1723 1038 1813 (ἰά
1066 1727 1182 1818 Mart.)

158 1833 456 1920 ὁΜητρόάωρος
469 1834 575 1916 κακὴν
588 1833 820 1918 παραδίδωσιν
830 1829 926 1919 (εά
942 1832 989 1897 15.
1000 1855 1043 1898 m.
1055 1833 1182 1925 Mart).

226 1943 277 2005 12.
304 1941 346 2006 id
361 1963 385 2005 ο.
401 1940 442 2006 37
457 1962 488 2024 p.
503 1940 555 2004 80.
584 1938 621 2004 ἐν
643 1940 746 2024 ταύτῃ
768 1949 808 2024 τῇ
830 1937 935 2025 ἡμέρᾳ
957 1936 1000 2025 (ει.
1024 1941 1057 2006 d.
1082 1942 1213 2012 xvssss

159 2048 215 2113 eal.
230 2044 348 2134 ApriL)
372 2045 549 2124 Εὔδοξος
570 2049 651 2123 τοὺς
666 2044 787 2130 ἰχθύας
802 2045 951 2130 ἀνίσχειν
968 2045 1026 2112 καὶ
1045 2051 1182 2136 βορρᾶν

157 2165 256 2219 πνεῖν
278 2149 511 2241 παραδίδωσιν
533 2151 591 2240 (=
606 2153 635 2218 1
652 2156 701 2218 16.
715 2176 757 2217 m.
771 2150 889 2239 Mam).

228 2262 278 2325 13.
307 2261 348 2324 id.
368 2283 393 2325 ο.
408 2262 450 2326 38
469 2283 500 2345 p.
516 2261 567 2325 83.
601 2258 638 2323 ἐν
661 2256 699 2323 ἀὲ
721 2269 760 2344 τῇ
783 2257 888 2345 ἡμέρᾳ
910 2270 977 2324 τῶν
1001 2264 1182 2346 Βακχανα·

158 2371 241 2432 λίων
260 2366 302 2454 (a.
317 2367 346 2432 d.
360 2365 439 2431 XVI
454 2367 510 2431 cal.
525 2364 643 2453 April.)
661 2368 910 2451 Δημόκριτος
929 2365 1079 2433 ἀνίεσθαι
1100 2374 1183 2450 τοὺς

160 2474 281 2558 ἰχθύας
295 2471 399 2556 λέγει,
423 2473 441 2538 ὁ
466 2471 503 2537 ἀὲ
526 2475 692 2559 Βάρρων
714 2473 939 2558 ἀνεμομαχίαν
958 2476 1104 2540 ἔσεσθαι
1119 2500 1181 2542 πα·
1194 2504 1214 2544 ιο

159 2580 343 2664 ραάίάωσιν
368 2577 425 2666 (=
441 2580 469 2645 d.
486 2581 536 2645 17.
550 2604 592 2645 m.
606 2578 726 2667 Mam).

229 2685 278 2749 14.
303 2686 344 2750 id.
359 2708 384 2750 ο.
400 2688 443 2751 39
456 2710 487 2771 p.
503 2688 554 2753 84.
578 2688 642 2773 πρὸ
668 2685 844 2752 δεκαπέντε
859 2688 1042 2752 Καλενάῶν
1064 2686 1182 2778 Ἀπρι-

158 2795 242 2856 λίων
273 2792 290 2856 ὁ
319 2793 537 2878 Εὐκτήμων
568 2797 741 2870 ποικίλους
769 2793 911 2877 ἀνέμους
942 2793 1058 2859 πνέειν
1088 2797 1181 2882 λέγει

160 2896 217 2986 (--
234 2898 262 2963 d.
280 2901 329 2965 18.
343 2923 384 2965 m.
399 2898 518 2987 Mart).

228 3005 278 3071 15.
308 3006 350 3071 id.
370 3029 394 3071 ο.
409 3009 453 3072 43
472 3029 503 3090 p.
519 3009 570 3073 86.
608 3006 626 3072 ὁ
652 3011 849 3083 Φίλιππος
873 3004 1017 3094 δύεσθαι
1044 3020 1088 3095 τῇ
1113 3014 1205 3099 πρὸι

160 3112 256 3177 ἐννέα
286 3114 470 3178 Καλενάῶν
497 3110 676 3198 Ἀπριλίων
708 3114 765 3190 τάς
800 3113 906 3189 ὑάδας
941 3115 1023 3196 μετά
1061 3119 1181 3204 νότου,

160 3219 311 3305 ἀνίσχειν
334 3220 423 3303 λέγει
448 3220 465 3284 ὁ
489 3220 759 3305 Μητρόδωρος
782 3218 840 3306 (=
855 3220 883 3283 d.
899 3220 950 3284 22.
964 3244 1006 3284 m.
1021 3221 1149 3312 Mam).

227 3327 276 3393 16.
304 3327 345 3390 id.
365 3328 385 3392 l.
406 3349 440 3392 s.
463 3337 501 3412 τῇ
525 3327 589 3412 πρὸ
619 3325 703 3390 ὀκτὼ
727 3327 911 3391 Καλενάῶν
939 3328 1098 3414 ίσημερία
1128 3331 1144 3396 ἐ
1167 3373 1181 3381 -

159 3436 235 3518 ρινή
259 3432 316 3520 (=
332 3434 360 3497 d.
376 3434 428 3498 23.
442 3456 483 3497 m.
498 3431 618 3520 Mart).
