2490 4124
179 225 222 291 82
509 227 597 283 Lm
614 226 663 281 DE
683 225 857 283 οετιιανιε

243 387 298 455 κε’.
320 391 352 456 εί
372 391 550 476 βροντηση,
572 400 643 466 τοῖς
663 401 839 476 τρυφῶσιν
857 390 1023 457 ἐναντίον·
1045 394 1184 478 πόλεμοι

176 497 241 582 μδιρ
263 484 407 580 ἔσονται,
429 494 485 561 καὶ
508 497 584 580 §dan
607 498 733 583 βαρεῖα.

140 617 166 672 D
242 601 301 676 κς’.
329 604 358 667 εί
380 604 562 689 βροντήση,
590 602 718 687 αὐχμὸν
739 600 795 668 καὶ
817 605 1015 690 λειψυδρίαν
1037 604 1093 670 καὶ
1115 608 1184 684 ψώ-

176 727 282 797 ριοσιν
303 720 375 786 τοῖς
398 711 548 793 σώμασιν
571 707 706 775 ἀπειλεῖ.

242 814 296 895 κζ.
320 817 349 880 εἰ
371 819 553 902 βροντήση,
576 816 693 880 στάσιν
715 823 762 903 τῷ
785 817 877 904 δήμῳ
902 817 1006 900 δηλοῖ.
1211 850 1224 889 5

25 928 28 933 ’
122 933 205 992 142A
242 920 302 1007 κη’.
326 923 355 986 εί
377 924 560 1008 βροντήση,
587 921 751 1006 εὐθηνίαν
777 921 853 1006 μέν,
880 925 1004 1008 ἄνεμον
1026 922 1064 990 δὲ
1086 923 1183 990 νοσο-

173 1030 274 1095 ποιὸν
297 1029 414 1116 ῥεῦσαι
436 1029 638 1112 μαντεύεται.

240 1133 305 1201 κδ’.
329 1136 359 1200 εί
381 1136 559 1221 βροντήση,
581 1136 728 1219 πόλεμον
750 1135 805 1201 καὶ
828 1136 993 1220 εὐθηνίαν
1016 1138 1121 1221 δηλοῖ.

240 1240 278 1308 λ’.
301 1242 331 1307 εί
348 1244 526 1328 βροντήση,
549 1239 661 1324 ἀγαθὰ
679 1246 831 1326 σημαίνει
849 1245 930 1327 μετὰ
946 1254 1073 1330 μακρᾶς
1090 1268 1183 1323 τινος
1197 1279 1238 1318 326

173 1358 234 1415 τοῦ
258 1350 366 1432 δήμου
389 1349 609 1432 διχοστασίας.
1197 1384 1223 1423 10

578 1577 775 1644 ΜΑΡΤΙΟΣ

138 1716 161 1769 Β
238 1705 290 1770 36.
323 1703 361 1770 α’.
388 1705 432 1769 El
454 1686 637 1790 βροντήση,Ι
661 1705 749 1768 ἅπαν
770 1704 808 1769 τὸ
832 1707 905 1782 ἔτος
928 1704 1103 1791 ἁψιμαχίαι
1126 1706 1182 1773 καί

172 1812 338 1897 διχόνοιαι
361 1813 503 1877 ἔσονται.

236 1916 277 2001 β’.
300 1921 330 1984 εί
351 1921 531 2006 βροντήση,
552 1919 714 1983 παύσεται
736 1920 777 1983 τδι
797 1921 1093 2005 προαπειίούμενα

237 2023 276 2108 γ’.
309 2026 339 2090 εἰ
365 2027 548 2112 βροντήση,
580 2025 819 2108 κακοδαιμονία
848 2026 928 2108 μετδι
955 2024 1083 2103 ἐνδείας
1110 2037 1181 2105 τοῖς
1197 2056 1223 2097 15

171 2132 372 2218 πράγμασιν.

104 2292 107 2297 .
237 2236 276 2303 δ.
300 2239 329 2303 εί
351 2240 534 2324 βροντήση,
558 2237 702 2321 εὐθηνία
725 2237 949 2322 ἄφθονατοίτη
973 2241 1073 2304 ἔσται.

237 2343 270 2409 ε’.
298 2346 327 2409 εί
354 2345 536 2430 βροντηση,
564 2343 700 2427 εὐήλιον
726 2345 763 2409 τὸ
794 2346 851 2429 ἔαρ
874 2343 929 2409 καὶ
953 2345 1121 2431 εὔκαρπον
1142 2348 1179 2410 τὸ

101 2491 108 2502 ·
172 2449 274 2537 θέρος
297 2454 396 2516 ἔσται.

138 2568 159 2623 O
237 2556 273 2631 ς’.
297 2558 327 2622 εί
349 2559 532 2643 βροντήση,
556 2557 654 2642 ὅμοια
676 2567 747 2634 τοῖς
768 2557 833 2643 πρὸ
851 2558 986 2641 ταύτης.
1195 2589 1222 2628 ιο

237 2660 270 2741 ζ.
298 2665 328 2728 εί
354 2666 537 2751 βροντήση,
566 2666 687 2748 ἄνεμος
709 2666 815 2751 βαρὺς
838 2664 1071 2749 ἀναστήσεται,
1100 2666 1118 2731 ὁ
1143 2664 1180 2732 δὲ

168 2779 300 2858 κρατῶν
321 2773 362 2835 τα
383 2771 558 2857 πράγματα
580 2771 717 2855 κινήσει.

234 2875 273 2962 η’.
297 2878 327 2942 εἰ
348 2881 530 2965 βροντήση,
553 2878 676 2964 βροχδις
700 2872 869 2961 σημαίνει.

235 2981 279 3049 θ’.
307 2987 336 3049 εἰ
363 2987 546 3071 βροντήση,
575 2985 713 3071 φθορὰν
735 2981 796 3069 μὲν
819 2983 1023 3072 ἀνθρώπων,
1046 2983 1180 3068 γένεσιν

169 3089 207 3158 δὲ
228 3095 361 3178 θηρίων
384 3091 518 3156 ἀπειλεῖ.
1193 3119 1219 3159 οι

240 3318 297 3376 3.4
311 3317 429 3392 αὐχμόν,
442 3318 604 3391 ίιψοδρίαν,
617 3321 760 3390 ψωρίαοιν
774 3329 832 3384 τοῖς
845 3321 969 3390 σώμασιν
984 3325 1047 3391 (om.
1058 3321 1177 3389 ἀπειλεῖ)

169 3391 197 3446 Ρ
207 3392 249 3463 118
267 3389 398 3463 πόλεμον,
413 3390 553 3461 εὐθηνίαν
568 3396 630 3463 (om.
646 3393 735 3462 δηλοῖ)
750 3393 779 3446 Ρ
788 3391 830 3462 119
850 3400 950 3462 μικρᾶς
964 3391 1034 3447 coni.
1048 3391 1179 3518 Bekkergl

170 3463 206 3517 11
226 3464 292 3533 μηνὶ
316 3461 422 3546 μαρτίῳ
439 3464 515 3519 rubr.
535 3466 563 3519 P
583 3467 592 3534 11
615 3461 652 3518 14
670 3463 773 3518 παίσει
792 3462 856 3518 GP:
876 3479 944 3518 corr.
962 3463 1086 3518 Hercher
1107 3465 1117 3532 11
1140 3463 1156 3517 1

171 3533 312 3603 εὔκαρπον
331 3537 419 3589 etlam
432 3536 460 3588 P
471 3537 481 3607 11
494 3534 530 3589 21
546 3536 675 3602 στήσεται
689 3533 794 3604 01121.
809 3532 847 3587 22
862 3533 877 3589 δ
892 3532 923 3588 δὲ
937 3543 993 3590 τῶν
1006 3533 1178 3606 πραγμάτων

105 3656 111 3667 ,
170 3613 281 3673 κρατῶν
299 3605 542 3676 ίιτιοκινηθήσεται
561 3605 659 3676 Ρ1123
678 3605 782 3677 βροχήν
802 3606 830 3659 Ρ
