2490 4124
294 248 335 302 IN
353 247 440 302 LYDI
457 247 597 302 LIBRVM
615 247 664 302 DE
683 245 857 303 OSTENTIS
944 246 1084 319 :xxm

68 422 97 479 et
120 416 290 477 tomanales
314 417 395 494 libet,
422 416 484 476 iam
506 417 722 493 scriptumest
745 420 771 475 et
796 416 917 476 rituales
944 416 1013 475 tetes·
1035 433 1080 474 se·

69 506 205 567 cundum
227 506 358 582 optimos
376 496 514 586 libros⁶⁵)
537 507 679 582 recteque
698 505 796 564 editor
815 504 928 564 amicus
947 503 1081 564 animad-

68 595 181 672 vertit,
203 594 332 654 rituales
350 594 453 669 libros,
476 613 544 654 cum
562 593 653 653 Eesto
673 595 795 653 auctore
815 592 851 651 de
869 592 995 652 urbibus
1013 611 1082 653 oon·

69 683 193 761 dandis,
215 683 253 743 de
276 682 402 742 aedibus
424 683 577 742 sacrandis
605 682 701 758 deque
730 681 799 741 aliis
821 681 853 740 id
875 698 970 759 genus
992 681 1082 742 rebus
1191 701 1193 706 ’

69 775 211 852 agerent,
234 772 333 832 multa
355 790 392 830 ex
415 770 573 847 disciplina
594 770 787 847 haruspicina
810 770 907 846 petita
930 770 1082 830 continere
1151 773 1152 777 ’

67 861 216 938 potuisse.

136 949 246 1026 Neque
275 967 411 1025 unquam
441 948 591 1008 Etrusci
622 949 891 1026 frequentaverunt
919 949 1018 1008 totum
1051 947 1084 1007 id

69 1056 171 1117 genus
195 1037 403 1114 divinationis,
426 1037 508 1113 quod
529 1037 640 1096 nititur
662 1037 847 1097 observando
876 1036 960 1114 signo
984 1035 1082 1096 rodia-

68 1127 143 1204 oali,
172 1126 256 1204 quod
285 1125 332 1185 sol
353 1126 503 1186 vellana
529 1128 668 1202 occupet,
697 1127 785 1203 quale
812 1126 875 1185 fere
901 1145 956 1202 per
982 1127 1083 1185 totam

67 1215 184 1275 librum
210 1217 393 1292 usurpatum
420 1217 474 1273 est.
524 1214 557 1273 in
585 1214 736 1290 capitibus
767 1216 897 1275 17-20
926 1216 1083 1289 praeterea

68 1304 159 1382 origo
180 1303 322 1380 proditur
344 1322 377 1362 ro
398 1321 494 1380 parva
516 1303 568 1362 sed
589 1303 763 1381 manifesta,
787 1303 868 1380 quod
884 1302 1008 1381 vigiliae
1025 1322 1081 1361 nu·

67 1395 228 1452 merantur
244 1411 305 1452 non
325 1394 472 1468 quattuor
488 1392 642 1451 Romanae
662 1384 712 1473 (oi.
728 1390 880 1452 Censorin.
901 1393 952 1470 23,
967 1382 1011 1473 9),
1029 1391 1083 1451 sed

66 1484 131 1541 tres
157 1479 316 1540 Graecae
340 1473 390 1562 (cf.
410 1480 518 1540 Pollux
536 1479 551 1538 Ι
572 1472 636 1561 70).

136 1568 281 1629 Getarum
298 1569 388 1629 facile
406 1587 426 1628 a
443 1588 491 1628 me
509 1569 637 1645 impetro
651 1572 689 1629 ut
703 1571 829 1646 credam,
847 1568 967 1646 Lydum
981 1570 1081 1646 ipsum

66 1659 201 1734 finxisse,
223 1659 298 1718 haec
322 1657 434 1734 scripta
460 1657 621 1717 Etruscam
643 1658 831 1734 disciplinam
853 1661 1081 1734 repraesentare

67 1766 170 1825 neque
193 1747 292 1806 ullum
317 1765 421 1806 eorum
439 1749 594 1807 auctorem
616 1765 751 1823 unquam
769 1747 931 1806 Etruscam
954 1747 1083 1822 speciem

67 1855 144 1914 prae
176 1854 210 1896 se
241 1835 320 1894 ferre
352 1835 500 1912 voluisso3
533 1835 609 1895 miro
641 1835 722 1894 enim
752 1835 950 1894 Etruscorum
982 1852 1083 1893 amore

66 1927 181 2002 eaptus
206 1926 252 1983 est
273 1922 390 2000 Lydus,
413 1924 476 1983 fers
495 1924 596 1983 omnia
614 1922 653 1982 ab
672 1923 715 1982 eis
733 1923 857 1999 repetit3
880 1922 1008 1982 credidit
1026 1923 1081 2005 sci-

67 2014 144 2074 licat
166 2013 313 2073 Etruscos
331 2012 452 2072 eosdem
474 2015 567 2090 atque
586 2011 757 2088 Tyrrhenos
775 2012 794 2071 i
815 2030 839 2070 e.
858 2011 959 2089 Lydos
977 2010 1080 2088 fuisse,

68 2103 176 2180 itaque
199 2118 329 2177 proavos
352 2100 456 2177 ipsius.

137 2190 247 2267 Neque
271 2189 417 2268 concedo,
440 2188 630 2267 Nigidium
652 2208 712 2249 non
734 2189 895 2248 Etruscam
919 2189 973 2249 sed
994 2187 1082 2250 Chal·

70 2279 192 2340 daicam
215 2278 382 2338 doctrinam
405 2296 571 2354 proponere
592 2278 739 2356 voluisse,
762 2296 831 2338 oum
854 2279 951 2338 soleat
973 2278 1084 2345 Roma-

68 2387 180 2428 norum
215 2367 348 2443 ipsorum
382 2366 573 2442 disciplinam
608 2384 723 2425 sacram
757 2357 955 2447 enarram⁵⁶);
991 2367 1083 2426 immo

68 2476 125 2534 pro
150 2458 232 2516 certo
260 2455 370 2533 habeo,
397 2459 499 2515 totum
521 2455 699 2533 tonitruale,
728 2455 808 2533 quod
834 2455 951 2533 Nigidii
976 2455 1085 2534 fertur,

73 2563 139 2604 esse
172 2535 417 2624 suppositum.⁵⁷)
473 2544 639 2603 Exordium
670 2544 751 2620 capit
782 2544 838 2602 hoc
870 2544 1035 2604 tonitruale
1066 2563 1085 2602 a

145 2770 190 2835 55)
211 2771 237 2820 ct
254 2765 368 2819 rituales
385 2763 490 2834 legitur
512 2763 543 2818 in
560 2763 698 2819 Vossiano
717 2765 754 2834 A,
777 2763 988 2820 Vindobonensi
1010 2783 1085 2821 man.

73 2853 129 2893 sec.
150 2843 176 2892 et
193 2837 319 2892 staats
335 2835 367 2889 in
384 2835 523 2891 Vossiano
540 2835 578 2904 B,
597 2834 763 2905 Heinsimo,
781 2835 993 2891 Vindobonensi
1010 2853 1083 2890 man.

69 2907 155 2979 prim.
176 2909 213 2978 (t,
233 2905 328 2962 Christ
346 2905 445 2961 scribit
462 2906 529 2977 Ψ),
553 2906 584 2960 in
608 2906 793 2962 detsmoribus
811 2907 954 2963 nonnullis
972 2914 998 2963 ct
1013 2909 1086 2962 tont-

70 2979 193 3046 aeaea-
211 2979 374 3034 tom'troalcs
391 2977 479 3048 igitur
497 2976 629 3032 librarius
648 2994 683 3031 ex
695 2979 821 3034 stantes
834 2978 967 3048 correxit4
983 2979 1016 3032 ut
1029 2977 1086 3032 sibi

70 3049 152 3104 visua
172 3051 229 3117 est,
249 3048 380 3103 seductus
400 3048 630 3103 antecedentibus
649 3048 729 3103 libris
747 3049 942 3119 fulguralibus.

145 3122 192 3190 bb)
210 3119 307 3174 Distat
320 3119 396 3188 quod
409 3119 542 3190 Nigidius
556 3119 586 3174 in
600 3119 681 3174 libris
700 3121 735 3175 de
754 3121 886 3190 ‘sphaera
899 3119 1083 3175 Graecanica'

71 3193 99 3245 et
124 3191 160 3244 de
188 3191 324 3260 ‘sphaera
346 3191 513 3245 barbarioa’
539 3190 740 3246 astronomiam
761 3192 909 3259 tractavit,
936 3190 955 3244 i.
979 3207 1001 3245 e.
1027 3207 1085 3246 non

70 3261 164 3317 solum
184 3261 219 3316 da
237 3261 307 3330 ipsis
321 3261 461 3317 sideribus
480 3265 510 3317 et
523 3262 648 3330 cometis,
663 3261 813 3318 sedetiam
828 3263 862 3316 de
875 3260 980 3316 fabulis
994 3264 1085 3316 astro-

69 3331 190 3388 nomicis
216 3333 278 3402 egit
300 3349 336 3388 ex
361 3332 530 3388 Graecorum
556 3336 586 3388 et
609 3332 812 3402 Aegyptiorum
838 3331 977 3386 doctrina:
1002 3332 1084 3388 illam

70 3407 168 3460 autem
186 3419 346 3473 perversam
365 3404 570 3459 Chaldaeorum
588 3405 746 3458 doctrinam
764 3402 963 3471 astrologicam
981 3402 1012 3457 in
1029 3403 1083 3459 boc

70 3474 146 3530 libro
166 3474 324 3530 exhibitam
342 3491 416 3545 esse,
434 3475 514 3530 nullo
532 3475 690 3549 fragmento
708 3474 850 3543 probatur.

144 3548 190 3616 b'l)
208 3545 281 3601 Huic
303 3545 409 3601 iudicio
427 3545 486 3601 iam
507 3545 538 3600 in
559 3544 707 3626 proecdosi
730 3545 788 3599 lato
815 3547 992 3600 accesserunt
1008 3545 1084 3600 Kahl

70 3616 169 3687 philol.
186 3616 277 3686 suppl.
291 3617 317 3672 V
333 3635 362 3688 p.
378 3623 442 3685 7843
462 3617 639 3686 Sohmersser‚
658 3619 703 3672 die
716 3617 813 3672 etrast.
827 3617 969 3685 Disctptia
983 3619 1083 3686 (1891),
1106 3699 1109 3704 ι
