2490 4124
305 255 676 311 marmorearum
696 255 870 311 cernuus
1055 257 1094 311 rx
1132 275 1134 280 ·
1226 227 1229 230 ’

80 446 118 488 eor
141 427 221 488 codd.
245 425 347 501 Raptis
371 426 460 485 edidit
483 423 653 499 &cecoque
676 426 819 500 supplente
846 430 872 485 ct
898 426 988 485 latine
1010 428 1094 486 canit

82 516 211 578 Carolus
234 515 411 575 Benedictus
432 514 523 575 Hcsc.
568 515 696 574 Parisiis
717 511 995 574 MDCOCXXIII.

149 607 213 665 Iste
237 604 346 664 codex
365 602 581 663 (laseolinus
601 595 634 684 (a
652 622 699 663 me
717 603 823 663 littera
843 601 869 662 0
889 596 1091 685 significatus)

79 696 227 755 inventus
246 696 312 753 erat
329 694 409 751 circa
428 711 454 754 a.
476 694 560 753 1785
579 711 673 769 prope
692 691 986 768 Constantinopolim
1000 690 1096 752 euru-

83 785 198 843 cismae
221 773 262 864 (is
286 781 475 841 suburbanus
488 782 546 841 'est
563 780 603 839 ad
615 781 728 840 fretum
741 773 854 862 pagus)
877 781 909 839 in
931 781 1006 841 villa
1019 780 1094 841 Ocn-

83 871 216 933 stantini
238 870 382 930 Slutuaris
404 870 526 946 patricii
544 869 615 948 viri,
637 870 691 929 ubi
709 869 837 929 Ioannes
860 870 894 931 B.
914 868 945 929 0.
965 868 1096 950 d'Anuse

83 959 281 1021 deVilloison
294 959 387 1019 libros
400 957 607 1035 pertractabat
621 959 868 1036 aliquammultos
882 959 995 1036 partim
1009 977 1096 1018 cusos

84 1049 203 1126 partim
215 1049 450 1126 manuscriptos,
469 1048 647 1125 superstites
663 1065 712 1107 eos
728 1067 764 1107 ex
776 1066 888 1126 magna
906 1047 1097 1128 bibliotheca,

88 1157 185 1215 quam
207 1137 352 1198 Nicolaus
374 1136 625 1196 Maurocordatus
642 1136 789 1196 librorum
807 1136 958 1196 rariorum
971 1141 1002 1197 et
1015 1139 1097 1199 vete·

85 1246 159 1286 rum
181 1226 343 1286 admodum
366 1225 519 1286 studiosus
542 1228 766 1287 cuma.1722
791 1226 905 1285 sultani
923 1226 1042 1285 nomine
1065 1227 1097 1285 in

83 1315 237 1374 Valachia
254 1318 396 1394 regnaret
420 1333 435 1374 e
455 1313 639 1374 Graecorum
656 1315 847 1374 monasteriis
866 1315 1098 1393 conquisiverat.

83 1406 169 1463 huno
191 1403 287 1482 igitur
308 1403 387 1480 Lydi
409 1403 541 1463 codicem
564 1422 634 1463 cum
649 1403 778 1464 Villoisc
801 1404 903 1482 legato
923 1403 1039 1463 Gallico
1059 1404 1098 1463 ad

83 1495 207 1570 portam
230 1491 430 1553 Othomanam
445 1491 579 1552 Gabrieli
592 1491 734 1571 Augusto
753 1493 789 1552 de
804 1491 1099 1553 choiseul-Gouffier

84 1581 251 1642 indicasset
282 1586 313 1641 et
339 1581 392 1641 ille
421 1581 619 1660 significasset
646 1600 678 1642 se
704 1582 736 1640 in
763 1581 911 1641 desiderio
940 1600 1004 1641 esse
1035 1582 1099 1641 eins

85 1669 216 1748 codicis,
243 1670 320 1730 dono
343 1670 460 1747 accepit
482 1690 552 1730 eum
574 1671 666 1747 paulo
689 1674 759 1747 post
782 1690 801 1730 a
824 1669 1021 1731 Constantino
1044 1671 1099 1730 Bai

84 1759 204 1819 Morusi
221 1759 357 1835 principe
377 1759 508 1818 Slutuari
525 1759 610 1819 affini
633 1760 752 1837 ipsique
775 1759 964 1819 amicissimo.
1000 1761 1099 1818 trans·

87 1850 173 1908 latus
197 1851 301 1908 autem
321 1851 393 1924 post
414 1851 542 1908 mortem
564 1849 660 1926 legati
682 1848 714 1907 in
737 1847 864 1924 Regiam
886 1847 1100 1906 bibliothecam

87 1936 259 1996 Parisinam
274 1927 450 2016 (insignitus
465 1940 511 1997 est
532 1937 564 1994 in
579 1937 787 2012 supplemento
807 1936 895 1996 catal.
914 1936 977 1995 eod.
997 1935 1099 1996 Graec.

88 2024 155 2086 eius
168 2025 369 2084 bibliothecae
382 2044 507 2085 numero
523 2018 603 2106 257)
617 2025 708 2084 codex
718 2043 754 2084 ex
767 2042 937 2100 possessore
947 2025 1056 2085 comite
1066 2027 1101 2085 de

89 2112 210 2174 Ouscclo
220 2132 328 2173 nomen
340 2112 490 2174 Caseolini
504 2113 597 2173 duxit.
621 2114 752 2190 scriptus
767 2116 813 2173 est
825 2133 904 2174 nono
920 2115 1040 2174 saeculo
1050 2116 1100 2176 vel

88 2204 207 2263 decimo
225 2202 349 2262 ineunte
366 2203 398 2261 in
420 2202 655 2262 membranaceis
678 2202 759 2262 foliis
779 2202 946 2262 minoribus
972 2222 1101 2281 quorum

87 2293 229 2370 singulae
247 2291 376 2369 paginae
392 2294 430 2352 31
447 2309 552 2352 versus
571 2291 733 2351 continent.
765 2292 1001 2369 frequentissimi
1019 2292 1051 2350 in
1065 2312 1100 2353 eo

87 2385 162 2441 sunt
181 2398 297 2440 errores
315 2400 370 2457 per
392 2380 563 2440 itacismum
585 2381 736 2456 procreati
758 2373 998 2459 (confunduntur
1021 2381 1101 2440 enim

90 2473 158 2530 ret
181 2471 367 2548 e23cetr13
392 2492 410 2547 η
435 2470 774 2548 etamssetmeet
797 2473 995 2543 uc3oetcr3
1018 2491 1048 2543 v,
1072 2490 1101 2529 οι

87 2561 122 2619 et
145 2581 171 2637 ι,
193 2579 235 2636 ει,
257 2579 291 2636 ης
314 2573 332 2617 σ
354 2562 386 2618 et
408 2562 444 2636 e,
472 2561 503 2618 et
530 2577 606 2636 quae
635 2562 707 2618 sunt
735 2551 874 2639 similia);
905 2562 1047 2618 accentus
1071 2563 1102 2618 et

88 2647 220 2724 spiritus
242 2647 453 2725 neglegentius
476 2650 548 2707 sunt
569 2647 668 2707 notati
690 2637 723 2727 (a
745 2666 837 2706 manu
856 2647 969 2707 recenti
987 2648 1103 2707 saeculi

86 2736 162 2796 XVI
184 2735 235 2797 uel
256 2735 344 2794 XVII
361 2739 468 2813 postea
486 2728 609 2816 additi);
631 2744 671 2797 νῦ
694 2732 903 2813 &petractando
925 2737 1030 2796 multis
1049 2756 1112 2799 vor

89 2825 179 2886 cibus
202 2824 375 2884 adnectitur
401 2825 494 2885 etiam
516 2827 661 2901 sequente
683 2825 787 2885 littera
811 2825 1000 2885 consonanti:
1025 2844 1101 2902 quae

81 2913 197 2977 omnia
219 2913 251 2972 in
274 2913 468 2973 adnotatione
493 2915 614 2973 enotare
637 2914 730 2973 nolui.

160 3001 192 3061 Is
211 3002 308 3080 igitur
325 3002 417 3062 codex
435 3002 585 3062 continuit
604 3002 676 3062 olim
694 3002 755 3061 tria
772 3002 851 3079 Lydi
870 3021 969 3079 opera,
991 3001 1105 3061 librum

89 3091 131 3152 de
154 3090 315 3169 mensibus,
340 3092 376 3151 de
400 3091 535 3169 ostentis,
559 3090 595 3150 de
617 3091 846 3169 magistratibus
869 3090 1025 3167 Romanis;
1052 3092 1104 3151 sed

92 3199 165 3239 cum
194 3179 256 3238 iam
285 3180 317 3238 in
347 3179 530 3240 bibliotheca
561 3179 707 3240 Slutzaris
735 3180 876 3241 inventus
900 3180 940 3240 sit
962 3180 1049 3239 initio
1074 3184 1105 3240 et

89 3268 152 3328 fine
180 3270 319 3348 truncus,
349 3272 510 3345 supersunt
532 3269 621 3329 hodie
645 3270 803 3328 dummxat
825 3269 899 3328 folia
925 3271 1002 3345 102,
1031 3288 1103 3346 quo·

91 3376 165 3416 rum
189 3357 229 3416 37
252 3358 405 3434 pertinent
427 3358 476 3418 ad,
492 3357 603 3418 librum
625 3358 662 3418 de
686 3358 819 3417 ostentis.
862 3376 897 3416 ex
923 3357 971 3416 his
995 3359 1035 3418 37
1060 3359 1105 3417 fc·

90 3445 145 3505 liis
170 3447 211 3504 26
235 3446 404 3522 posteriora
426 3448 551 3506 fuerunt
573 3449 700 3507 consuta
718 3449 877 3506 numerata
900 3446 1044 3506 adiuncta
1066 3446 1104 3506 ad

92 3551 208 3621 corpus
237 3535 358 3612 codicis,
391 3538 429 3595 11
461 3536 563 3613 priora
593 3537 732 3612 separata
762 3554 830 3595 eum
860 3538 945 3595 extra
973 3536 1105 3596 codicem

93 3625 167 3682 tum
196 3622 274 3682 inter
304 3642 334 3684 se
365 3627 396 3684 et
428 3624 545 3684 adiecta
579 3624 611 3683 in
639 3624 795 3686 involucro
829 3626 960 3701 quodam
991 3627 1108 3701 absque¹
