2490 4124
176 246 278 300 XXXII
540 243 816 300 PROLEGOMENA

180 414 276 473 dianis
299 413 346 472 his
369 413 453 472 libris
476 414 540 490 vel,
563 413 589 472 si
611 413 716 490 mavis,
739 415 861 473 secutus
884 416 931 473 est
953 413 1072 473 eosdem
1096 418 1191 492 atque

178 503 230 562 ille
258 503 356 562 fontes
378 502 550 580 Vergilius,
583 502 635 579 qni
667 501 740 561 haec
771 505 987 579 tempestatum
1015 503 1106 580 signa
1133 504 1192 581 „in

178 591 326 669 georgicis
341 591 442 652 divino
460 579 556 667 paerie
575 591 800 666 comprehendit
813 588 955 669 ingenio“
974 585 1138 672 (vegetius
1153 592 1192 651 de

179 699 211 739 re
233 680 321 740 milit.
340 679 369 737 V
389 672 457 761 11);
482 679 618 739 conferas
637 679 717 738 enim
741 697 852 756 quaeso
875 682 1089 756 argumentum
1107 681 1194 758 frag·

178 770 272 828 menti
295 768 375 845 quod
397 768 481 844 prius
503 768 582 826 infra
605 768 711 844 scripsi
731 787 799 827 cum
816 767 932 845 Vergil.
952 787 1052 845 georg.
1071 768 1088 827 I
1107 772 1192 830 427:

268 858 376 933 „luna,
398 858 584 916 revertentes
608 876 699 933 quom
721 857 854 932 primum
877 857 995 932 colligit
1017 857 1114 936 ignis,

268 945 294 1004 si
311 945 434 1022 nigrum
457 944 581 1004 obscuro
606 944 827 1021 comprenderit
850 955 920 1004 atra
942 963 1049 1021 cornu,

268 1051 425 1092 maxumus
444 1033 583 1111 agricolis
607 1034 776 1110 pelagoque
799 1033 1089 1111 parabitnrimber:

269 1125 301 1182 at
322 1122 349 1180 si
371 1122 541 1199 virgineum
565 1121 724 1181 suffuderit
747 1122 817 1181 orbe
840 1122 992 1200 ruborem,

267 1213 378 1273 ventus
401 1211 471 1288 erit,
494 1212 584 1271 vento
609 1229 726 1287 semper
743 1212 834 1271 rubet
857 1230 949 1270 aurea
967 1205 1169 1294 Phoebum)

178 1299 293 1375 pariter
315 1299 537 1359 observationes
555 1298 723 1376 Lydianae,
746 1318 822 1376 quas
840 1300 954 1359 conieci
977 1299 1097 1378 Nigidii
1117 1319 1194 1378 esse,

179 1388 376 1447 stabiliuntur
399 1405 545 1447 consensu
568 1387 709 1465 Vergilii,
734 1388 787 1465 qui
809 1387 911 1466 georg.
933 1389 1047 1449 1446:

268 1477 388 1555 ..„ubi
406 1475 461 1535 sub
480 1471 601 1535 lucem“
620 1477 732 1555 inquit,
757 1477 871 1554 „densa
893 1478 973 1537 inter
995 1477 1100 1537 nubila
1126 1497 1193 1539 sese

269 1564 381 1625 divorsi
403 1569 542 1640 rumpent
564 1565 641 1624 radii
656 1614 662 1624 .
678 1611 685 1625 .
701 1611 707 1624 .

268 1655 410 1715 ..multa
431 1655 463 1711 in
485 1653 574 1713 tectis
597 1655 747 1730 crepitans
772 1655 843 1714 salit
865 1654 987 1714 horrida
1010 1650 1156 1732 grando.“

180 1745 211 1802 et
233 1742 304 1802 ibid.
324 1744 403 1803 458:

267 1835 323 1911 „at
345 1832 371 1891 si
394 1850 462 1891 cum
484 1832 654 1909 referetque
678 1832 758 1890 diem
780 1833 947 1908 condetque
970 1831 1117 1910 relatum,

268 1921 387 1980 lucidus
411 1919 492 1980 orbis
516 1920 586 1998 erit,
609 1921 724 1980 frustra
746 1920 895 1980 terrebere
917 1921 1039 1999 nimbis,

269 2012 300 2069 et
322 2010 403 2069 claro
428 2009 519 2068 silvas
542 2028 643 2069 cernes
667 2009 809 2087 aquilone
831 2005 969 2070 moveri.“

246 2096 359 2161 Contra
373 2097 481 2155 dubius
500 2097 623 2175 haereo,
643 2099 716 2175 quid
731 2097 892 2157 Varroni
910 2098 1073 2176 adsignem.
1108 2098 1193 2176 quod

181 2184 260 2243 enim
290 2185 318 2244 ei
345 2186 403 2244 soli
434 2184 528 2243 tribui
554 2187 663 2264 possit,
697 2187 758 2245 iam
784 2186 861 2245 nihil
890 2191 1034 2263 superest
1085 2190 1193 2248 tamen

177 2273 253 2332 mihi
275 2273 397 2351 quidem
418 2273 500 2332 haud
522 2274 668 2334 absonum
690 2276 823 2350 videtur,
851 2276 882 2333 in
909 2275 963 2335 illo
987 2294 1077 2353 quem
1096 2277 1188 2338 modo

177 2364 308 2423 tractavi
334 2363 400 2422 loco
429 2361 521 2420 etiam
542 2363 687 2423 Varronis
716 2364 839 2423 navales
866 2364 960 2424 libros
988 2358 1066 2445 (sive
1099 2367 1192 2442 ephe·
1230 2405 1234 2412 -

179 2452 322 2511 meridem
345 2441 497 2530 navalem)
521 2453 552 2510 in
574 2455 677 2529 partes
695 2455 818 2512 vocatos
837 2471 909 2512 esse.
946 2472 1017 2511 nam
1034 2453 1082 2512 his
1101 2454 1189 2515 libris

181 2557 297 2600 summo
316 2540 381 2598 iure
396 2539 526 2599 adscribi
543 2544 671 2617 possunt
684 2540 828 2600 Varronis
842 2541 1093 2619 meteorologieae
1110 2563 1191 2620 quae

180 2626 228 2686 hic
256 2628 320 2687 illic
347 2628 511 2688 traduntur
538 2630 817 2690 animadversiones.
859 2631 895 2690 cf.
920 2629 1067 2708 Vegetius
1095 2631 1134 2690 de
1157 2652 1191 2692 re

179 2716 267 2775 milit.
286 2716 315 2774 V
335 2719 372 2776 11
399 2734 472 2791 quae
491 2708 593 2798 (signa
610 2710 839 2799 tempestatum)
864 2719 959 2778 Varro
976 2721 1009 2778 iii
1030 2721 1193 2782 mondus

181 2806 264 2865 libris
290 2807 442 2880 diligenter
467 2808 595 2866 excoluit.
645 2807 676 2866 in
706 2807 749 2866 eis
777 2812 877 2867 autem
906 2807 1018 2867 similes
1042 2809 1192 2885 quasdam

181 2897 272 2972 atque
300 2895 441 2973 Nigidius
469 2895 501 2952 in
528 2895 605 2955 libro
634 2896 670 2955 de
697 2896 796 2957 ventis
822 2899 910 2956 notat
938 2895 1192 2977 significationes,

180 2984 266 3045 velut
293 3003 328 3043 ea
356 3003 432 3061 quae
460 2982 601 3062 Nigidius
630 3003 676 3061 ap.
700 2985 791 3045 schol.
816 2983 954 3046 German.
976 3005 1004 3061 p.
1026 2988 1089 3045 112
1114 2978 1191 3068 (vid.

181 3073 280 3132 adnot.
306 3064 363 3153 26)
391 3074 489 3152 ponit,
524 3073 626 3149 aliqua
657 3092 692 3132 ex
720 3077 807 3150 parte
840 3074 952 3150 repetit
977 3073 1076 3134 Varro
1107 3075 1192 3151 apud

180 3161 313 3221 Plinium
342 3161 445 3221 XVlH
472 3164 548 3221 349:
579 3180 725 3239 „nascens
754 3163 827 3221 luna
857 3163 882 3221 si
912 3181 1005 3222 cornu
1034 3164 1192 3239 superiore

180 3330 285 3399 (Isidor.
305 3330 373 3385 ibid.
398 3334 427 3386 et
449 3331 535 3386 schol.
559 3330 687 3385 German.
706 3349 733 3400 p.
753 3336 817 3399 195,
837 3334 876 3400 1):
904 3331 1038 3402 Nigidius
1060 3333 1142 3400 dicit,
1164 3333 1192 3388 si

177 3403 301 3468 pallidas
314 3404 355 3458 sol
367 3404 399 3457 io
412 3405 507 3475 nigros
520 3404 604 3458 cubes
618 3404 731 3469 ccedet,
745 3404 898 3472 aquilonem
906 3409 1013 3458 sectum
1023 3403 1189 3475 significare.

250 3472 620 3616 ssirdiieoird’l'ididdopdvp
640 3542 750 3599 δοκέειν
768 3543 883 3614 ἀνέμοιο
902 3543 1067 3614 κελεύθους,

288 3613 388 3669 ἄλλοθι
407 3613 433 3670 d’
456 3616 521 3670 dile
540 3613 726 3687 μελαινομὲκῃ
745 3615 855 3674 denisce
872 3615 972 3672 ὑετοῖο.
