2490 4124
163 1011 191 1064 B
206 1009 449 1078 :interpretatio
469 1008 560 1062 latina
578 1008 804 1063 Bonaventurae.

163 1100 190 1152 L
207 1126 240 1144 =
256 1098 343 1152 codex
370 1097 576 1152 Laurentianus
604 1097 675 1167 plut.
700 1103 746 1165 28,
768 1104 781 1151 1
811 1097 1041 1152 membranaceus
1070 1098 1141 1154 inde
1168 1119 1185 1154 a

256 1187 275 1242 f.
297 1192 347 1240 180
375 1203 455 1240 verso
483 1186 515 1239 in
542 1202 636 1239 meum
664 1204 746 1240 usum
769 1202 794 1240 a.
820 1191 889 1240 1876
913 1204 930 1240 a
955 1186 1099 1241 Friderioo
1125 1189 1184 1243 Leo

258 1292 399 1329 exeussus.

163 1366 191 1418 P
203 1357 239 1410 '=
254 1363 342 1418 editio
361 1363 491 1433 princeps
511 1363 618 1420 Graeca
636 1363 666 1417 in
684 1363 795 1418 Petavii
814 1363 996 1432 Vranologio.

163 1454 191 1507 R
206 1480 239 1498 =
254 1452 341 1506 codex
368 1452 474 1522 Regius
501 1452 645 1507 Parisinus
665 1458 734 1508 2800
763 1452 800 1506 ab
823 1451 926 1507 Halma
950 1451 1093 1522 inspectus
1120 1455 1179 1523 (de-

257 1541 376 1610 scriptus
396 1558 411 1594 e
429 1541 637 1610 Laurentiano).

162 1631 184 1685 S
205 1658 238 1676 =
253 1632 341 1684 codex
364 1630 524 1685 Savilianus
550 1629 728 1699 Oxoniensis,
754 1629 833 1684 cuius
858 1631 1052 1700 apographum
1076 1631 1114 1684 ab
1138 1633 1179 1686 Io.

254 1718 329 1774 Frid.
347 1719 509 1774 Wincklero
532 1718 701 1788 descriptum
720 1722 839 1774 nanctus
857 1719 896 1773 Io.
915 1719 959 1773 Al.
978 1718 1132 1774 Fabricius
1152 1724 1182 1775 et

254 1807 394 1862 ineditum
421 1806 594 1878 prooemium
622 1808 713 1862 edidit
739 1811 768 1862 et
792 1807 946 1862 lectionum
970 1806 1180 1878 discrepantias

255 1897 382 1951 enotavit
414 1897 444 1950 in
475 1896 666 1951 bibliothecae
695 1897 818 1952 Graecae
851 1896 929 1967 (edit.
961 1896 1025 1966 pri.)
1054 1897 1110 1952 vol.
1141 1899 1184 1952 111

255 2005 282 2055 p.
298 1991 348 2039 421
361 2003 401 2054 sq.

166 2076 191 2126 V
204 2102 236 2119 .-.=
252 2074 340 2128 codex
360 2075 516 2129 Vaticanus
536 2075 582 2129 Gr.
601 2094 628 2130 n.
649 2080 718 2129 1308
737 2075 794 2128 fere
815 2091 886 2129 saec.
906 2075 931 2128 X
950 2074 969 2127 f.
989 2080 1058 2128 336v
1069 2093 1130 2143 sqq.
1152 2076 1183 2130 in

252 2180 346 2217 meum
365 2181 445 2216 usum
456 2144 489 2217 ⁴a.
511 2170 580 2218 1807
601 2163 636 2217 ab
656 2163 768 2233 Edgaro
787 2162 903 2217 Martini
922 2162 1050 2216 collatus.

161 2253 178 2304 1.
204 2280 236 2297 =
251 2251 342 2305 Ideler
357 2251 386 2304 in
401 2251 599 2306 dissertatione
614 2255 696 2319 „aber
710 2255 762 2307 ders
777 2253 917 2306 Koleader
931 2253 977 2306 des
987 2252 1182 2309 Ptolemaeus“

254 2339 325 2394 uotis
345 2341 468 2394 academ.
489 2340 611 2394 Berolin.
633 2341 754 2410 1816s17
773 2360 799 2410 p.
817 2346 868 2394 163
880 2359 920 2408 sq.
940 2339 1054 2394 inserta.

160 2427 235 2480 H.=
250 2428 369 2481 Halmae
395 2428 482 2482 editio
507 2429 537 2482 in
560 2429 632 2483 libro
652 2429 748 2498 „table
768 2428 987 2498 chronologique
1007 2429 1056 2482 des
1076 2430 1181 2499 regnes

255 2519 326 2570 etc.“
344 2517 432 2572 Paris.
455 2524 530 2572 1819.

160 2605 191 2658 U.
202 2632 234 2648 =
249 2605 345 2673 Unger
360 2605 390 2658 in
402 2606 502 2674 philol.
513 2608 629 2661 XXVHI
642 2627 669 2677 p.
681 2614 712 2662 11
725 2625 784 2676 sqq.
800 2609 857 2677 (‘zu
872 2606 1060 2661 Ptolemaeus'
1076 2606 1183 2676 φάσεις

252 2695 417 2763 ἀπλανῶν’).
