2490 4124
183 253 245 319 148
515 249 604 306 mu
621 249 669 304 oa
690 248 863 305 οευιιιωιε

145 430 170 485 D
247 412 302 493 κζ.
330 423 369 500 τῇ
394 415 458 499 πρὸ
483 411 508 478 ε’
530 414 702 479 καλενδῶν
726 414 865 478 παύεται
888 411 908 495 ἡ
932 411 1106 499 παρθένος
1129 414 1195 480 άνί-

180 540 287 605 σχειν,
320 522 354 585 αἱ
386 517 422 585 δὲ
452 521 606 597 πλειάδες
639 519 676 584 ἐν
704 516 826 605 ἑσπέρᾳ
854 523 1049 604 φαίνονται,
1081 519 1140 586 καὶ
1167 523 1195 587 ολ

180 631 293 714 ἔριφοι
322 630 386 693 σὺν
409 635 456 714 τῷ
479 625 562 714 ἡλίῳ
586 626 799 710 ἀνίσχουσιν,
822 625 877 690 καὶ
901 630 1054 709 γίνονται
1076 627 1195 715 βροχαλ

179 733 235 800 καὶ
257 732 397 821 ταραχαὶ
420 732 552 818 ἀνέμων
575 731 630 798 καὶ
653 734 835 817 θαλάσσης.

245 839 305 925 κη’.
339 851 378 927 τῇ
400 840 465 928 πρὸ
490 838 519 904 δ
543 840 714 904 καλενδῶν
738 844 785 905 ἔτι
808 843 936 924 μᾶλλον
959 839 977 905 δ
1001 843 1109 918 νότος.
1217 866 1227 908 ι

127 957 210 1014 2441
247 946 311 1013 κθ’.
344 957 383 1033 τῇ
406 948 470 1033 πρὸ
495 944 524 1031 γ’
543 948 714 1011 καλενδῶν
737 947 771 1011 αλ
794 947 949 1024 πλειάδες
967 948 1100 1034 όρθρου
1121 952 1196 1033 φαί-

180 1077 307 1139 νονται,
330 1053 386 1119 καὶ
409 1064 485 1118 πνεῖ
508 1056 606 1130 νότος
628 1053 783 1137 ὑετώδης.

248 1159 285 1227 λ’.
317 1170 357 1246 τῇ
375 1161 440 1247 πρὸ
461 1158 489 1224 α’
508 1161 679 1225 καλενδῶν
701 1157 722 1242 ἡ
746 1157 797 1237 αἲξ
817 1159 945 1244 ἀνίσχει
960 1183 977 1222 ι
993 1183 1009 1220 e
1024 1158 1123 1247 μέχρι
1142 1172 1197 1247 τῆς

181 1264 357 1353 ἕσπερινῆς
381 1268 508 1343 δύσεως
531 1277 599 1331 τῶν
621 1267 797 1331 πλειάδων.

563 1495 814 1562 ΟΚΤΩΒΡΙΟΣ
1211 1525 1233 1564 ιι

248 1621 300 1686 68.
333 1618 371 1686 α’.
394 1619 570 1698 καλάνδαις
583 1619 796 1707 Ὀκτωβρίαις
820 1623 854 1686 αλ
876 1622 1029 1698 πλειάδες
1054 1621 1119 1688 άπὸ
1141 1635 1199 1708 τῆς

148 1728 343 1813 Βάνοιτολῆς
367 1729 524 1814 άρχονται
548 1731 742 1811 φαίνεσθαι,
764 1726 820 1793 καὶ
844 1730 942 1805 νότος
960 1729 1093 1815 όρθρου
1113 1741 1199 1796 πνεῖ.

248 1834 288 1918 β’.
319 1845 359 1921 τῇ
386 1836 450 1921 πρὸ
475 1833 502 1909 ς’
533 1845 651 1899 νωνῶν
679 1833 888 1922 Ὀκτωβρίων
920 1835 1078 1912 ὡσαύτως
1113 1837 1131 1901 ὅ
1164 1861 1200 1902 τε

182 1943 246 2030 άὴρ
270 1943 363 2008 αἵτε
385 1943 548 2026 πλειάδες.

249 2047 288 2133 χ’.
320 2058 359 2134 τῇ
386 2049 450 2133 πρὸ
475 2046 499 2112 ε’
527 2058 646 2112 νωνῶν
673 2047 691 2112 δ
719 2046 854 2132 ἡνίοχος
882 2048 1011 2132 δύεται,
1044 2047 1100 2113 καλ
1130 2049 1235 2118 άπὸιι

184 2155 307 2243 βορέου
330 2157 464 2240 βροντᾷ.

254 2348 271 2402 1
290 2347 505 2401 παύεται-καὶ
525 2345 551 2399 οἱ
564 2348 614 2418 (2)]
633 2345 673 2399 sic
689 2347 743 2402 Fs
753 2346 851 2414 Leon.;
870 2346 991 2400 παίεται
1005 2345 1023 2415 ἡ
1037 2347 1195 2416 παρθένος,

183 2416 292 2489 ἀνίσχει
310 2418 327 2486 ἡ
345 2416 443 2480 πλειὰς
462 2416 492 2471 ἐν
512 2415 621 2491 ἑσπέρᾳ,
642 2415 793 2487 φαίνονται
811 2419 860 2471 καλ
879 2417 905 2471 οἱ
920 2416 974 2472 ΟΒ
987 2420 997 2487 ΙΙ
1011 2417 1040 2471 1.
1056 2417 1074 2471 2
1089 2417 1201 2490 ἀνίσχει

153 2550 156 2557 ,
184 2490 215 2542 F
225 2490 265 2559 112
286 2489 316 2543 ἐν
335 2486 449 2563 ἑσπέρᾳ]
467 2490 601 2543 matutc‘no
619 2496 645 2544 et
658 2491 761 2558 uesperi
774 2488 858 2542 Leon.
873 2490 882 2557 Ι(
896 2487 925 2542 2.
941 2488 959 2542 3
974 2487 1080 2543 Colum.
1096 2489 1115 2542 l.
1132 2508 1155 2546 ε.
1175 2492 1203 2546 V

183 2562 235 2615 cal.
257 2559 312 2615 Oct.
335 2561 417 2614 haedi
439 2561 616 2627 exarmatum
638 2562 779 2628 fanantur,
800 2577 1006 2629 nonnumquam
1025 2567 1118 2615 auster
1137 2579 1201 2618 cum

180 2633 286 2700 pluuia.
304 2631 309 2701 Ι
325 2630 351 2684 ολ
370 2633 436 2684 unte
455 2629 549 2699 ἔριφοι
566 2647 619 2685 om.
641 2631 721 2700 Fflss
740 2632 788 2685 καλ
806 2628 1129 2700 γίνονται-θαλάσσης
1147 2635 1199 2706 (4)]

184 2701 283 2756 addidi
301 2717 336 2754 ex
355 2701 394 2768 F,
414 2708 554 2756 uentorum
571 2709 597 2756 et
613 2705 698 2757 marte
712 2704 848 2771 procellae
865 2703 974 2757 ualidae
991 2703 1064 2770 hunt
1082 2703 1169 2759 Leon.

184 2773 202 2828 ὅ
222 2770 398 2843 ἔτι-νότος]
417 2779 508 2827 πνείει
525 2774 661 2828 uehemens
678 2776 735 2842 flat,
754 2780 919 2842 tempestates
936 2775 1064 2829 horridae
1082 2774 1168 2829 Leon.
1189 2707 1194 2850 δ

184 2845 202 2899 6
222 2842 329 2912 όρθρου
348 2842 420 2897 falso
435 2842 520 2897 vertit
534 2846 571 2899 aa
585 2846 712 2899 orientem
725 2848 734 2914 ΙΙ
748 2844 765 2899 8
781 2843 888 2900 Gemin.
904 2850 928 2898 4.
944 2843 1006 2899 libr.
1018 2872 1053 2890 =
1064 2851 1108 2899 29.
1119 2846 1197 2916 Sept.

184 2916 213 2984 (i.
232 2931 254 2970 e.
280 2917 369 2970 anteo.
390 2914 445 2983 die)
469 2912 586 2988 Εὐδόξῳ
605 2913 650 2981 αἲξ
669 2916 823 2986 ἀκρόνυχος
842 2915 982 2970 ἐπιτέλλει.
1000 2917 1003 2984 h
1020 2916 1074 2970 lae.
1094 2917 1200 2972 statuit

183 2989 285 3057 Unger,
294 2985 343 3054 qui
352 2984 540 3057 probabiliter
548 2986 642 3055 explet
649 2986 718 3060 (κοιλ
727 2985 808 3051 νότος
816 2987 903 3060 auct>
912 2986 922 3059 1(
932 2988 949 3041 9
961 2987 1065 3050 δόσεως
1074 2986 1181 3042 falsum
1190 2989 1200 3062 (Ι

184 3060 234 3114 11.
249 3058 286 3112 12
300 3058 368 3127 Lyd.
384 3057 419 3111 de
433 3073 519 3112 mens,
530 3057 582 3111 IIII
592 3062 627 3110 84
640 3055 794 3121 καλάνδαις
805 3056 983 3131 Ὀκτωβρίαις
997 3059 1084 3128 φησὶν
1100 3058 1201 3128 ὁΒάρ-

185 3151 241 3199 ρων
264 3128 315 3193 τὰς
337 3128 473 3191 πλειάδος
495 3128 552 3183 ἀπὸ
576 3129 720 3184 άνατολῶν
739 3127 872 3200 ἀνίσχειν,
910 3129 1017 3184 Gemin.
1039 3135 1062 3184 5.
1082 3129 1147 3185 libr.
1163 3159 1199 3179 =

184 3208 226 3255 30.
247 3200 322 3270 Sept.
348 3200 376 3269 (i.
397 3216 420 3255 e.
445 3202 534 3255 antec.
563 3199 618 3269 diet)
643 3200 803 3268 Εὐκτήμονι
825 3200 956 3264 πλειάδες
979 3195 1107 3269 ἑσπέριαι
1130 3201 1199 3272 φαί-

172 3290 283 3327 νονται
298 3272 328 3327 ἐκ
341 3280 392 3326 τοῦ
406 3272 475 3341 πρὸς
490 3270 533 3327 ἔω.
544 3270 604 3343 (ubi
618 3270 694 3342 vide)
707 3274 716 3341 (Ι
731 3272 766 3326 11
783 3271 851 3396 aa?
865 3272 931 3326 ἐίσω
942 3272 997 3328 FS
1008 3274 1017 3341 (Ι
1031 3271 1069 3325 12
1082 3271 1200 3344 ἄρχεται

186 3344 217 3398 F
231 3346 240 3413 Ι(
259 3343 296 3397 13
315 3342 331 3398 ὅ
349 3341 553 3407 τε-πλειάδες
571 3344 638 3414 (14)]
658 3359 711 3396 om.
733 3343 764 3396 F
781 3346 790 3413 Ι(
809 3345 824 3397 1
866 3342 970 3397 Colum.
993 3349 1025 3397 73
1044 3344 1119 3397 IIII
1132 3361 1197 3400 non.

188 3414 242 3470 Oct.
267 3414 295 3484 (1,
316 3431 338 3469 e.
362 3413 509 3486 postn‘die)
532 3416 633 3485 aurtoa
651 3416 749 3469 occidet
764 3432 843 3468 mane
858 3458 863 3469 .
881 3459 886 3469 .
901 3416 1039 3485 stone'fieat
1060 3432 1198 3470 nonnum-

185 3503 267 3554 quam
293 3493 478 3555 tempestatem.
516 3485 587 3540 Plin.
607 3485 698 3538 XVIII
716 3491 767 3538 312
792 3486 876 3540 Asu'ae
903 3493 928 3540 et
951 3486 1063 3540 Caesari
1087 3488 1114 3541 V
1132 3503 1197 3542 non.

188 3556 291 3611 Octobr.
311 3559 456 3612 heniochus
474 3559 572 3612 occidit
587 3558 730 3612 matuta'no.
754 3559 763 3626 ((
788 3556 825 3610 16
846 3556 963 3611 Ptolem.
980 3562 1003 3611 6.
1018 3557 1149 3626 Phaophi
1162 3584 1198 3604 =

186 3629 210 3678 3.
231 3626 290 3681 Oa.
310 3628 471 3698 Αἰγυπτίοις
488 3629 537 3681 καὶ
555 3625 714 3696 Καίσαρι..
731 3625 854 3700 βρονταί.
