2490 4124
291 263 331 317 lN
349 263 437 317 LYDI
454 263 594 318 LIBRVM
612 264 660 318 DE
680 264 854 320 OSTENTIS
988 266 1077 320 XXXI

64 433 183 510 legitur
204 430 326 493 soloduri
347 454 413 491 τινα
436 432 468 492 oi
486 430 601 513 περὶ
574 455 626 493 τον
645 429 786 511 Ῥωμαῖον
809 433 967 514 Βάρρωνα,
990 433 1077 514 Ννγί-

66 520 135 582 δνόν
157 541 187 581 τε
210 518 261 580 καὶ
275 513 453 598 Ἀπουλήιον
470 520 658 601 προῦθηκαν.
665 514 705 604 99)
740 523 829 582 huius
849 525 950 582 autem
970 523 1078 599 capitis

64 629 166 687 pauoa
196 609 345 687 quaedam
368 608 551 687 Campestris
578 629 643 670 esse
669 611 749 670 infra
783 611 907 689 docebo,
938 630 1078 688 magnam

65 702 189 777 partem
211 717 248 758 ex
266 698 439 758 Ptolemaeo
462 699 628 778 fluxisse,
620 720 651 758 1n
675 699 868 760 adnotatione
892 659 1077 759 demonstra·

64 791 133 848 turn
157 790 217 865 est,
240 787 347 847 deinde
367 806 445 864 quae
464 786 593 864 Apuleio
612 792 694 848 oerto
713 788 874 848 tribuenda
894 788 966 866 sint,
986 806 1077 863 supra

66 877 202 952 exposui.
249 875 309 935 Sed
334 875 396 936 iam
424 895 516 953 supra
543 877 605 935 dixi
628 878 720 936 etiarn
742 878 881 937 Pliniana
908 880 938 936 st
962 877 1078 954 Nigidii

64 964 274 1041 Varronisque
299 966 483 1025 mentionem
511 965 708 1041 probabiliter
743 985 777 1025 ex
811 967 915 1026 eodem
948 965 1076 1042 Apuleio

63 1053 178 1112 bansta
206 1071 283 1131 esse,
313 1053 358 1112 ita
387 1057 424 1114 ut
446 1054 549 1131 Lydus
575 1074 672 1132 neque
700 1055 788 1114 illum
810 1074 907 1132 neque
934 1055 989 1115 hos
1011 1054 1076 1131 ipse

63 1142 209 1202 videatur
232 1142 271 1200 ad
293 1142 350 1201 hoo
368 1145 461 1218 eaput
479 1142 763 1203 oonsoribillandum
784 1143 955 1220 inspexisse.
993 1142 1076 1212 Quae

64 1249 136 1295 oum
155 1231 200 1289 ita
218 1231 292 1308 sint,
316 1231 479 1290 admodum
496 1250 568 1290 sane
586 1232 708 1291 difficile
733 1236 780 1292 est
798 1232 975 1310 diiudicata,
999 1251 1076 1309 quae

62 1320 190 1380 tandem
211 1318 335 1397 Nigidio
358 1320 407 1380 vel
430 1319 559 1379 Varroni
582 1321 743 1380 tribuenda
762 1321 923 1381 videantur
944 1338 1021 1397 esse,
1044 1320 1077 1378 id

64 1411 115 1468 est
132 1407 172 1467 ab
189 1407 320 1484 Apuleio
340 1426 376 1467 ex
394 1407 441 1468 his
460 1409 633 1468 auctoribus
652 1411 837 1487 deprompta.
869 1410 965 1470 nihilo
983 1408 1077 1469 setius

67 1515 257 1575 quamquam
278 1516 339 1556 non
361 1515 484 1575 magna,
511 1500 614 1557 tamen
644 1499 747 1577 aliqua
773 1518 841 1559 oum
863 1498 1077 1575 probabilitate

63 1585 111 1645 ita
133 1589 209 1660 puto
233 1585 383 1662 disputari
404 1604 500 1662 posse.

132 1674 261 1734 Restant
281 1677 404 1751 praeter
425 1675 607 1751 paucissima
630 1678 777 1753 quaedam
796 1675 957 1736 Chaldaiea
980 1679 1075 1734 astro-

63 1761 166 1840 logioa
196 1755 240 1843 (p.
256 1764 308 1840 20,
324 1766 447 1839 10-p.
463 1765 513 1841 21,
530 1766 548 1823 6
574 1767 605 1823 et
627 1786 654 1839 p.
671 1768 722 1841 29,
734 1768 858 1840 16—p.
875 1757 970 1843 31,2)
994 1763 1076 1822 solae

65 1851 294 1912 observationes
324 1851 361 1910 de
391 1851 486 1928 signis
515 1853 704 1928 tempestatis
733 1872 798 1929 eae,
828 1871 905 1930 quae
932 1851 1077 1928 leguntur

64 1961 94 2016 p.
108 1941 162 2018 23,
181 1961 209 2000 v.
227 1943 329 2016 6-p.
345 1943 400 2017 24,
419 1961 447 2001 v.
463 1943 495 1999 4:
518 1939 667 2021 πρόδηλόν
689 1938 778 2018 ἔστιν,
801 1937 842 2012 ὡς
859 1939 929 2000 ὅταν
948 1935 1076 2018 ἀνίσχων

65 2020 97 2111 (ὁ
119 2020 221 2110 ἣλιος)
251 2026 347 2109 ὥσπερ
376 2027 580 2089 inambulare
607 2033 667 2088 κτλ.
695 2048 791 2108 usque
819 2031 857 2089 ad
885 2028 978 2092 verba
1004 2031 1076 2105 lap-

64 2113 215 2197 προτέραν
241 2124 345 2179 ποιῶν.
391 2137 468 2194 quae
497 2138 515 2177 a
541 2119 666 2196 Nigidio
694 2119 831 2196 profecta
863 2137 926 2178 esse
959 2117 1076 2177 duobus

63 2205 189 2283 probari
215 2209 318 2282 potest
349 2207 544 2284 argumentis.
595 2208 727 2284 primum
755 2208 813 2267 hae
843 2205 1076 2284 observationes,

67 2314 146 2372 quae
170 2296 254 2354 solae
277 2313 313 2353 ex
336 2295 473 2354 omnibus
497 2296 539 2355 eis
562 2297 601 2354 ad
620 2315 695 2373 quas
718 2297 824 2356 referri
841 2299 942 2373 potest
959 2294 1076 2372 Nigidii

65 2402 176 2444 nomen
200 2387 376 2462 supersunt,
405 2384 518 2460 optime
546 2386 729 2445 conveniunt
751 2404 820 2445 oum
843 2386 907 2444 eius
929 2383 1015 2443 libris
1038 2382 1075 2442 de

65 2475 157 2533 vento
181 2463 234 2552 (de
258 2473 368 2548 quibus
391 2473 428 2532 of.
451 2472 543 2532 Hertz
568 2473 605 2532 de
628 2474 728 2551 Nigid.
751 2496 779 2551 p.
795 2476 851 2552 41,
880 2472 1010 2549 Breysig
1038 2472 1075 2531 de

64 2560 168 2639 Nigid.
191 2560 298 2638 fragm.
327 2580 355 2637 p.
376 2563 434 2637 43,
465 2561 612 2622 Swoboda
640 2562 742 2641 Nigid.
770 2563 878 2640 reliqu.
900 2582 928 2638 p.
950 2553 1074 2642 dlsq.);

64 2649 96 2708 in
124 2649 169 2709 eis
197 2649 278 2708 enim
305 2651 377 2710 solis
405 2653 436 2709 et
461 2651 551 2709 lunae
574 2650 711 2710 habitum
735 2652 774 2711 ad
796 2651 1016 2728 praedictiones
1039 2651 1075 2709 de

52 2739 166 2800 ¹uentis
196 2737 310 2798 bituris
337 2731 529 2820 adhibuitffl)
576 2740 645 2798 dein
676 2740 760 2800 nisus
794 2743 840 2800 est
872 2758 960 2816 saepe
989 2739 1076 2817 Nigi-

136 2928 183 2995 39)
203 2923 380 3006 superfluum
404 2926 474 2979 duoo
497 2925 594 2979 multis
618 2925 753 2996 refutare,
779 2943 851 2995 quae
874 2926 942 2980 olim
965 2924 1000 2978 de
1023 2924 1076 2978 hoo

64 2993 231 3051 testimonio
251 2994 361 3064 opinati
379 2999 445 3049 sunt
458 2996 542 3050 Hertz
557 2997 653 3067 Nigid
672 3016 698 3067 p.
714 3003 747 3052 41
763 3001 792 3052 et
804 2997 913 3052 Merkel
926 2995 996 3065 prol
1010 2995 1075 3048 fast.

65 3066 273 3138 pLXXXVH,
293 3066 364 3136 etp
366 3072 448 3121 3.19.

136 3139 184 3205 40)
205 3137 318 3192 Sueten.
336 3137 389 3207 frg.
406 3144 456 3191 152
475 3137 685 3195 Reiffersoh=
703 3139 772 3211 Nigr
764 3140 799 3194 d.
818 3140 870 3210 frg.
886 3139 933 3194 CV
947 3137 1075 3191 Swobod.

66 3207 175 3278 (Isidor.
196 3207 232 3262 de
250 3210 307 3262 nat.
327 3224 379 3261 rer
398 3225 421 3264 o
436 3215 471 3263 38
490 3210 616 3265 etsohol
636 3159 795 3265 Germanioi
810 3211 952 3279 Sangerm.
971 3225 998 3276 p.
1014 3212 1075 3275 201,

66 3285 98 3335 16
109 3283 183 3349 sqq.)
200 3280 344 3364 Nigidius
350 3281 521 3348 atilionem
533 3299 636 3336 summo
649 3283 681 3336 ν’νν
694 3283 831 3336 corniculo
845 3281 967 3335 mamus
980 3280 1077 3348 nigras

64 3351 222 3407 bobeaerit'
209 3369 243 3405 ννν
256 3351 358 3434 primis
368 3353 494 3420 pariebas
511 3355 617 3416 mensis
636 3355 733 3408 imbres
750 3353 823 3418 fore;
841 3355 886 3406 siu
899 3349 990 3404 media
1002 3356 1075 3417 turne,

64 3439 126 3478 νννν
141 3423 229 3492 plena
245 3422 332 3478 sint
319 3440 351 3476 ννν
369 3425 568 3490 eaeoraieuia,
585 3425 761 3479 serenitatem.
789 3430 856 3478 certe
869 3421 984 3476 sirabet
997 3421 1077 3490 quasi

66 3510 179 3562 aarum,
202 3499 295 3548 reatos
317 3494 474 3548 ostendit..
492 3467 568 3561 ‚ip
587 3497 659 3549 enim
676 3501 771 3549 veatae
795 3511 830 3549 ea
847 3491 1077 3559 aquaemanile,

67 3536 201 3620 deaeiw’te
219 3565 336 3620 obducto
354 3565 395 3618 eoi
412 3570 437 3620 et
455 3537 523 3619 luia
540 3567 729 3632 uobesouoet5.
787 3567 851 3620 item
864 3565 889 3618 si
902 3579 1006 3618 νονννννν
1019 3564 1077 3617 eius

71 3636 173 3692 macta
190 3635 296 3703 fuerim
312 3635 427 3704 oebalo,
448 3641 588 3705 tempestas
604 3609 702 3704 falerni
720 3607 773 3692 esi.
798 3634 929 3707 Nigidius
947 3633 1000 3704 frg.
1020 3632 1079 3687 CVI
