2490 4124
114 241 136 302 4
446 239 534 293 LYDI
551 239 599 294 DE
619 239 793 295 OSTENTIS

18 420 23 427 ’
108 397 184 467 εἶτα
214 401 357 484 ὑποβοίς·
394 400 466 466 ’καὶ
498 397 568 467 εἶπε
599 403 715 488 κύριος
747 404 830 489 πρὸς
861 407 1029 488 Μωύσην·
1068 403 1124 470 ε’ἀν

113 512 239 594 λαλήσῃ
273 509 395 594 Φαραὼ
431 510 515 595 πρὸς
545 509 631 592 ὑμᾶς
662 508 770 592 λέγων
801 510 901 574 “δότε
934 521 1075 594 σημεῖον
1104 510 1122 595 ἢ

113 615 247 701 τίρας”,
275 616 356 698 λάβε
382 617 444 700 τὴν
467 616 594 702 ῥάβδον
617 632 679 681 σου
702 614 758 680 καὶ
781 616 883 702 ῥῖψον
906 615 959 681 ε’πὶ
983 617 1041 701 τῆς
1065 627 1123 702 γῆς

112 721 168 786 καὶ
195 725 286 786 ἔσται
315 722 462 808 δράκαν’
488 720 602 808 (Εκοά
624 721 652 804 7,
667 722 695 786 8.
710 720 755 809 9).
796 720 852 788 καὶ
875 722 916 788 οὐ
939 731 1044 788 ταῦτα
1066 725 1122 808 μό-

8 828 14 839 ’
112 853 190 912 νον,
218 826 288 892 ἀλλ’
317 831 364 893 ἔτι
392 826 487 913 τέρας
510 829 590 893 ἀλλο
614 830 847 915 φοβερώτερον
869 828 890 912 ἡ
915 837 976 894 τοῦ
999 831 1152 907 παντὸςτ

112 936 302 1018 Αἰγυπτίου
324 935 447 1010 ὕδατος
470 935 518 1010 είς
541 934 674 1020 λύθρον
695 936 859 1019 μεταβολὴ
884 933 1002 1021 (Exod.
1023 936 1052 1021 7,
1067 935 1121 1023 20)

112 1040 168 1105 καὶ
188 1052 255 1106 τῶν
272 1041 447 1127 βατράχων
464 1041 504 1104 τὸ
520 1044 652 1124 πλῆθος
671 1038 787 1127 (Exod.
806 1042 837 1127 8,
850 1038 885 1128 9)
904 1039 960 1106 καὶ
979 1042 1016 1106 oz·
1031 1044 1121 1125 λεγό-

112 1170 208 1231 μενοι
232 1158 366 1224 σκνῖπες
384 1146 439 1213 καὶ
458 1148 493 1215 ολ
509 1147 651 1231 μύωπες,
674 1147 734 1224 οὓς
753 1133 848 1219 αὐτοὶ
866 1152 1008 1213 καλοῦσι
1025 1172 1121 1221 κυνο-

112 1257 212 1337 μυίας
241 1252 355 1340 (Exod.
380 1253 484 1338 8,17.
506 1250 577 1340 18),
609 1252 664 1318 καὶ
694 1253 715 1337 ἡ
747 1265 814 1319 τῶν
845 1264 976 1341 κτηνῶν
1008 1244 1145 1341 φθορά

115 1358 230 1446 (Exod.
250 1360 280 1443 9,
295 1359 323 1424 3.
339 1357 373 1446 6)
397 1358 452 1424 καὶ
475 1359 493 1425 ὁ
512 1360 687 1446 κονιορτὸς
706 1360 724 1425 ὁ
744 1358 898 1444 ἑλκώδης,
921 1364 1166 1445 φλυκταίναιιι;

113 1464 169 1530 καὶ
187 1465 332 1552 ἀκρίδες·
350 1474 453 1530 ταῦτα
470 1467 578 1534 πάντα
595 1465 738 1562 τέρατα
756 1466 798 1532 ἀν
812 1469 948 1543 δικαίως
962 1465 1120 1550 λέγοιντο.
1162 1534 1166 1549 ,

114 1582 256 1656 σημεῖα
283 1569 320 1636 δέ
347 1574 387 1637 τὰ
415 1571 447 1649 ἐξ
476 1572 667 1660 ὑπερτέρων
690 1576 890 1658 φαινόμενα,
918 1564 994 1638 οἷον
1017 1573 1121 1640 ἐκεῖνο
1164 1588 1166 1597 “

114 1679 132 1744 ὃ
161 1677 215 1743 ἐπὶ
241 1688 299 1763 τῆς
326 1679 427 1763 αὐτῆς
449 1677 585 1765 φέρεται
608 1689 751 1766 γραφῆς·
784 1679 852 1745 ‘nal
874 1677 986 1765 ἔβρεξε
1009 1682 1123 1767 κύριος

113 1787 174 1870 τὴν
202 1786 344 1871 χάλαζαν
370 1785 424 1851 ἐπὶ
448 1795 559 1850 πᾶσαν
580 1787 642 1869 τὴν
665 1797 729 1871 γῆν
751 1788 941 1871 Αἰγύπτου·
971 1781 1017 1870 ἦν
1039 1787 1123 1872 δὴν)

113 1894 234 1979 χάλαζα
259 1892 315 1958 καὶ
342 1894 379 1958 τὸ
401 1901 469 1979 πῦρ
493 1896 653 1976 φλογίζον
676 1892 713 1958 έν
727 1886 774 1980 ’τῇ
798 1893 934 1980 χαλάζη’
959 1891 1076 1980 (Exod.
1095 1894 1156 1979 931⁶

115 1999 166 2064 23.
182 1997 255 2086 24),
286 1998 341 2064 καὶ
373 2000 487 2065 πόλιν·
519 1997 672 2076 “έξέτεινε
702 1997 740 2065 δὲ
766 2004 917 2084 Μούσης
943 2001 1006 2084 τὴν
1031 2012 1125 2087 χεῖρα

115 2106 220 2170 αὐτοῦ
247 2105 300 2170 έπὶ
326 2107 387 2170 τὸν
416 2106 563 2191 οὐρανὸν
589 2104 644 2170 καὶ
673 2104 802 2189 ἐγένετο
832 2108 964 2190 σκότος,
996 2108 1125 2192 γνόφος

24 2223 28 2232 “
114 2210 169 2276 καὶ
183 2214 311 2277 θύελλα
326 2211 378 2277 ἐπὶ
392 2223 501 2277 πᾶσαν
514 2213 576 2296 τὴν
589 2223 653 2296 γῆν
666 2213 852 2296 Αίγύπτον’
869 2210 983 2300 (Exod.
997 2213 1047 2298 10,
1058 2213 1123 2302 22).

187 2323 346 2395 Τοιοῦτος
371 2322 490 2384 τοίνυν
509 2317 676 2405 Ἑβραίοις
703 2319 720 2385 ὁ
744 2318 819 2405 περὶ
843 2323 989 2411 σημείων
1011 2321 1126 2404 λόγος·

116 2423 149 2501 ἐξ
168 2419 225 2508 ὧν,
245 2421 347 2509 οἶμαι,
365 2424 419 2490 καλ
438 2419 540 2491 τάλλα
558 2435 625 2490 τῶν
640 2424 752 2490 ἐθνῶν
771 2427 1004 2510 διοσημείας
1021 2436 1161 2495 ταῦταοο

115 2533 229 2594 καλεῖν
256 2533 341 2614 ἔγνω
368 2532 408 2595 τά
436 2535 575 2615 σήματα·
610 2535 695 2609 Ζεὺς
722 2533 785 2618 γὰρ
814 2533 831 2599 ὁ
856 2532 917 2619 ἀὴρ
940 2535 1027 2598 κατὰ
1044 2537 1125 2611 τοὺς

116 2640 312 2718 φυσικοὺς
330 2636 469 2721 λέγεται,
490 2638 541 2702 ὅτι
560 2641 718 2717 ζωοποιός
737 2638 828 2704 ἐστιν
846 2641 929 2704 ὥστε
948 2641 1125 2725 διοσημεία

68 2818 72 2827 Ι
115 2742 152 2805 τὸ
185 2751 253 2807 τού-
277 2741 374 2828 ἀέρος
401 2755 552 2828 σημεῖον,
575 2745 693 2831 Ιὥσπερ
726 2746 842 2811 εύδιον
868 2747 905 2811 τὸ
933 2757 1042 2832 πρᾶον
1068 2746 1126 2812 καὶ

75 2883 77 2889 ·
116 2849 263 2932 γαληνὸν
284 2858 344 2913 τοῦ
368 2849 464 2935 ἀέρος
486 2856 631 2916 καλεῖται
655 2861 770 2936 σχῆμα.
808 2853 848 2918 ού
871 2855 937 2939 χρὴ
957 2848 1021 2919 οὖν
1040 2855 1124 2939 πρὸς

115 2957 156 3020 τδι
178 2954 324 3039 ὀνόματα
346 2956 607 3042 ταραττομένους
629 2961 708 3035 τοὺς
730 2957 976 3045 ἁπλουστέρους
997 2959 1122 3044 ἀποπη-
1137 2984 1162 3027 κο

117 3051 195 3147 δᾷν
212 3070 271 3127 τοῦ
300 3069 437 3146 μαθεῖν’
469 3062 601 3148 (δώσετ’,
633 3065 695 3150 γάρ
723 3083 821 3149 φησι,
854 3066 985 3151 ρσημεῖα
1013 3065 1050 3131 ἐν
1077 3072 1123 3152 τςό

116 3169 251 3256 οὐρανῷ
277 3171 345 3239 ἀνα
373 3168 428 3235 καὶ
455 3168 573 3255 τέρατα
596 3170 649 3236 ἐπὶ
672 3181 729 3256 της
752 3181 812 3256 γῆς
834 3174 935 3248 κάτοο·
959 3163 1048 3256 αἷμα
1067 3171 1124 3245 καὶ

115 3283 182 3361 πύρ
205 3274 261 3340 καὶ
283 3276 403 3360 ἀτμίδα
420 3285 563 3342 καπνοῦ·
586 3276 734 3355 ὁἭλιος
751 3282 1057 3365 μεταστραφήσεται
1076 3282 1121 3357 είς

188 3466 226 3533 νο
245 3466 391 3540 &ammae
408 3469 475 3524 fibri
488 3472 498 3541 ς
512 3469 556 3533 22:
568 3467 714 3540 οιισημιιι
726 3470 825 3541 Paris„
842 3452 975 3542 οιωλμιι
989 3456 1102 3533 Barba.
1111 3472 1123 3544 ιι

115 3535 278 3662 ἓξήρλσπερ.
292 3557 360 3596 τοτε.
380 3540 482 3601 sehow,
501 3558 552 3630 ρεο
575 3540 674 3611 ὅπερ.)
697 3541 739 3603 25
752 3543 824 3607 τοὺς,
840 3541 1050 3645 ἀπλανετέρους,
1068 3561 1120 3603 om.
