2490 4124
46 224 49 229 ’
112 251 156 315 22
232 293 238 305 .
441 249 529 304 Lm
546 249 594 302 ου
613 224 809 303 οενωκνω

113 413 338 497 ἐπισημασιῶν
368 413 574 498 προγνώσεις
605 410 660 476 καί
690 412 724 476 αί
753 421 821 476 τῶν
848 407 1036 494 γινομένων
1061 409 1169 492 anf

112 523 215 604 μείων
237 522 316 605 περί
336 541 371 583 τε
393 520 453 583 τὸν
475 520 591 602 ήλιον
612 516 667 583 καί
690 519 751 602 τήν
774 520 943 601 σελήνην
965 515 1022 581 καὶ
1042 517 1166 593 τοδί

113 623 251 711 ἀστέρας
279 627 527 711 παρατηρήσεις.
573 625 633 689 τὸν
654 621 716 707 μὲν
738 619 802 689 οὖν
823 624 939 708 ήλιον
960 621 1123 709 τηρητέον

112 732 196 817 πρὸς
230 728 292 815 μέν
323 733 381 809 τὰς
412 731 612 816 ἡμερησίους
642 730 857 807 καταστάσεις
888 727 1119 813 ἀνατέλλοντα

112 839 196 924 πρὸς
224 834 261 903 δὲ
288 839 345 914 τάς
372 839 567 924 νυκτερινὰς
595 838 734 921 δύοντα,
761 838 845 923 πρὸς
872 833 909 900 δὲ
936 837 995 912 τάς
1017 857 1122 922 παρα-
1151 850 1167 896 ι

112 945 286 1020 τεινούσας
308 941 391 1009 κατὰ
413 946 491 1020 τοὺς
512 944 596 1029 πρὸς
614 945 674 1027 τήν
698 946 841 1027 σελήνην
864 945 1122 1027 σχηματισμούς,

25 1036 36 1101 ’·
113 1048 252 1115 έκάστου
280 1052 444 1134 σχήματος
470 1050 531 1132 τήν
557 1048 650 1135 μέχρι
674 1059 734 1114 τοῦ
757 1047 830 1133 έξής
852 1049 1055 1114 κατάστασιν
1079 1050 1124 1126 ῶς

113 1155 233 1220 ἐπίπαν
255 1160 549 1243 προσημαίνοντος.
593 1157 743 1242 καθαρὸς
764 1153 827 1240 μὲν
849 1157 912 1241 γὰρ
934 1153 990 1220 καί
1010 1154 1124 1220 ἀνεπι-

113 1265 270 1346 σκότητος
305 1261 360 1327 καί
396 1262 562 1346 εύσταῶής
597 1261 652 1328 καί
684 1261 845 1345 ἀνέφελος
880 1260 1073 1326 ἀνατέλλων
1104 1262 1122 1328 δ

112 1370 206 1451 ήλιος
241 1366 261 1450 ή
295 1365 350 1431 καί
387 1369 550 1452 δυόμενος
586 1367 750 1450 εὐδιεινής
785 1368 1015 1444 καταστάσεύς
1052 1367 1123 1434 ἐστι
1136 1395 1159 1434 ιο

113 1474 305 1555 δηλωτικός·
337 1478 491 1538 ποικίλον
516 1471 553 1539 δὲ
580 1475 640 1538 τὸν
666 1475 792 1538 κύκλον
819 1476 903 1557 έχων
924 1473 945 1556 ἣ
968 1474 1123 1561 ὑπόπυρ-

112 1602 175 1665 ρον
201 1577 221 1661 ή
250 1578 383 1655 ἀκτῖνας
411 1578 558 1666 έρυθράς
586 1579 788 1664 ἀποπέμπων
815 1583 889 1664 ήτοι
916 1581 964 1657 είς
991 1583 1032 1645 τά
1060 1579 1123 1658 ἔξω

112 1687 157 1762 ὡς
185 1683 236 1770 ἐφ’
264 1683 384 1750 ἑαυτὸν
410 1689 651 1771 κυκλούμενος,
678 1686 698 1770 ή
726 1689 767 1751 τὰ
791 1689 954 1770 λεγόμενα
975 1691 1124 1773 παρήλια

112 1791 196 1877 νέφη
226 1790 258 1869 ἐξ
287 1790 361 1869 ἑνὸς
387 1792 509 1878 μέρους
536 1796 635 1878 ἔχων,
662 1794 699 1858 τὸ
726 1790 763 1857 δέ
786 1803 894 1878 σχῆμα
915 1803 982 1857 τῶν
1005 1805 1124 1878 νεφῶν

111 1899 296 1985 ὑπόκιρρον
331 1897 387 1964 καί
423 1901 532 1986 ὥσπερ
569 1901 695 1986 μακράς
729 1899 862 1976 ἀκτῖνας
893 1899 1123 1986 ἀπομηκῦνον,
1137 1926 1163 1967 15

112 2004 243 2090 ἀνέμων
272 2007 432 2092 σφοδρῶν
460 2004 529 2070 έστί
556 2007 738 2090 δηλωτικὸς
765 2004 820 2071 καί
846 2007 1009 2071 τοιούτων
1036 2009 1124 2100 πρὸς

112 2196 206 2252 δύνων
229 2197 368 2265 εύδιεινής
390 2196 583 2260 καταοτάσεῶς
606 2197 662 2252 ἐστι
685 2195 847 2267 δηλωτικός,
870 2195 998 2253 ποικίλον
1019 2198 1051 2253 δὲ
1071 2200 1124 2254 τὸν

112 2267 214 2321 κύκλον
237 2266 307 2338 ἔχων
329 2264 347 2335 ἢ
370 2265 534 2336 δπύπυρρον
552 2267 570 2338 ἢ
589 2269 705 2332 ἀκτῖνας
723 2266 846 2338 έρυδράς
864 2267 1039 2338 ἀποπέμπων
1057 2269 1123 2338 ἤτοι

113 2338 152 2400 εἰς
179 2338 237 2402 (ἐπί
263 2338 364 2407 Heph.)
391 2337 428 2392 τά
456 2337 506 2405 ἔξω
534 2337 552 2408 ή
579 2343 643 2409 (om.
666 2340 767 2428 Heth
792 2341 828 2403 ὡς
851 2342 921 2409 (πως
941 2341 1043 2410 Heph.)
1069 2340 1119 2411 ἐφ’

113 2409 214 2464 ἑαυτὸν
236 2407 378 2477 κλωμένας
400 2411 600 2480 (κυκλούμενον
622 2411 723 2481 Heph.)
746 2432 764 2480 η
787 2410 823 2465 τά
845 2409 980 2481 λεγόμενα
997 2412 1125 2480 παρήλια

112 2476 193 2548 νέφη,
213 2479 241 2545 ἐξ
262 2479 324 2542 ένδς
341 2477 440 2549 μέρους
459 2480 528 2551 ἔχων
546 2479 563 2549 ἢ
583 2481 710 2552 σχήματα
729 2491 825 2551 νεφῶν
842 2480 981 2550 ύπόκιρρα
994 2484 1043 2537 καί
1057 2485 1125 2539 ὡσεί

112 2551 244 2617 (ὡσπερεί
258 2550 358 2621 Heph.)
378 2551 486 2621 μακρὰς
503 2553 620 2615 ἀκτῖνας
638 2553 842 2622 καταμηκύνων
861 2552 972 2623 ἀνέμων
989 2557 1124 2624 σφοδρῶν

51 2688 54 2693 ἢ
113 2620 169 2674 ἐστι
193 2622 360 2690 σημαντικδς
376 2623 431 2676 ’καὶ
453 2625 589 2679 τοιούτων
610 2624 680 2690 πρὸς
704 2623 737 2687 ἃς
760 2623 797 2678 διν
815 2621 918 2694 γωνίας
935 2623 971 2678 τδι
989 2644 1123 2694 προειρη-

112 2688 183 2761 μένα
206 2701 305 2760 σημεῑα
328 2694 447 2761 γίνηται.
484 2693 567 2762 μέλας
590 2693 621 2748 δὲ
645 2692 841 2764 ἢύπύχλωρος
858 2693 1017 2750 ἀνατέλλων
1035 2694 1053 2765 ἢ
1073 2697 1123 2751 δύ-

112 2782 169 2821 νοισ
196 2761 265 2831 μετὰ
290 2761 456 2831 σνννεφείας
483 2763 500 2833 ή
529 2765 601 2828 ἀλως
628 2765 691 2834 (siol
721 2765 808 2830 ἄλλως
830 2766 930 2836 Heph.)
959 2767 1030 2837 ἔχων
1057 2770 1124 2837 περὶ

113 2833 201 2888 αάτδν
218 2832 288 2888 καθ’
307 2833 338 2888 ἓν
356 2833 438 2904 μέρος
457 2833 473 2903 ἢ
494 2833 522 2902 ἐξ
541 2834 708 2906 ἀμφοτέρων
726 2846 781 2892 τῶν
800 2846 891 2907 μερῶν
909 2838 1035 2906 παρήλια
1049 2836 1123 2910 νέφη

112 2906 162 2960 καί
189 2905 305 2967 ἀκτῖνας
331 2906 477 2974 ὑπώχρους
504 2906 521 2975 ἢ
550 2904 683 2977 μελαίνας
710 2909 852 2978 χειμώνων
880 2909 928 2962 καὶ
952 2910 1042 2964 ὑετῶν
1065 2909 1125 2966 ἐστι

112 2974 270 3045 δηλωτικύς.
288 2978 342 3046 Hp.
357 2976 406 3048 21,
422 2977 458 3030 11
477 2978 528 3041 τὰς
545 2988 601 3033 τῶν
619 2978 691 3033 κατὰ
711 2978 794 3070 μέρος
811 2979 1001 3050 ἐπισημασιῶν
1014 2981 1125 3035 Deum

111 3047 199 3116 Ptol„
216 3045 268 3108 τὰς
285 3047 358 3101 κατὰ
376 3045 459 3117 μέρος
477 3051 529 3103 cet.
552 3051 562 3118 ΙΙ
586 3050 601 3102 1
622 3050 668 3103 καί
689 3051 731 3121 αι]
750 3067 803 3104 om.
824 3051 855 3104 F
873 3054 883 3121 ΙΙ
906 3050 934 3105 2.
954 3051 973 3105 δ
992 3053 1125 3116 καὶτοὺς

112 3116 230 3188 ἀστέρας
257 3117 321 3171 add.
350 3119 380 3172 D
408 3136 471 3172 cum
497 3119 584 3188 Ρίο1.;
613 3138 666 3181 om,
695 3124 746 3176 eet.
775 3122 851 3191 (τοὺς
878 3121 978 3185 ἄλλους
1005 3121 1138 3192 ἀστέρας.

111 3190 212 3260 Heph.)
230 3188 272 3260 ήδ
290 3191 355 3259 post
372 3190 579 3260 παρατηρήσεις
598 3191 629 3244 F
644 3192 707 3246 add.
728 3192 898 3262 Campestris
916 3193 1005 3247 verba
1022 3197 1059 3264 (p.
1079 3199 1123 3263 24,

114 3266 208 3329 7-25,
221 3264 251 3329 »2)
271 3263 300 3314 et
318 3260 434 3330 explicit
449 3263 454 3333 ή
469 3262 519 3318 τδν
537 3260 873 3333 μὲν-προσημαίνοντος
887 3267 926 3334 (8)
941 3264 1030 3319 habet
1046 3265 1122 3320 solus

66 3378 75 3391 .
112 3333 142 3386 D
161 3335 235 3401 (oum
251 3331 350 3402 Ptol),
374 3335 426 3388 cet.
447 3350 499 3389 om.
523 3336 532 3404 ss
554 3333 573 3388 8
591 3337 831 3404 προσημαίνοντος
849 3335 949 3405 scripsi
968 3341 1032 3389 cum
1049 3336 1122 3391 Ptol.

111 3419 162 3473 pro
181 3401 365 3473 σημαίνοντος
385 3406 394 3473 ΙΙ
415 3405 432 3458 9
452 3404 467 3459 δ
487 3422 540 3460 om.
562 3405 592 3472 0,
613 3403 723 3474 δήλιος
741 3422 795 3460 om.
814 3408 844 3461 D
867 3409 877 3476 ΙΙ
900 3407 938 3461 10
956 3407 1051 3462 δύνων
1069 3408 1096 3461 L
1116 3408 1120 3478 Ι

113 3474 226 3542 εάδινής
243 3475 273 3528 D
287 3476 296 3543 ΙΙ
311 3473 348 3527 12
367 3474 429 3542 ήτοι
448 3479 477 3530 et
495 3478 532 3539 ὡς
550 3471 597 3546 ἐφ’
616 3475 717 3532 ἑαυτὸν
735 3476 922 3548 κυκλούμενος
939 3477 1028 3531 habet
1046 3478 1122 3533 solus

112 3545 142 3598 D
161 3547 225 3612 (om.
246 3546 309 3612 cet.)
331 3547 341 3613 ή
365 3544 402 3599 14
421 3555 512 3617 σχῆμα
530 3546 561 3601 δὲ
580 3547 611 3601 D
633 3549 643 3616 ή
666 3546 705 3600 16
723 3550 855 3618 σφοδρῶν
873 3549 962 3603 habet
979 3549 1056 3602 solus
1074 3550 1121 3622 Dt

112 3612 341 3685 πρὸς-γωνίας]
361 3616 400 3670 sie
420 3618 458 3686 D,
478 3616 530 3686 ἀφ’
553 3613 585 3671 ού
604 3617 706 3687 μέρους
723 3621 776 3673 σοί.
