2490 4124
113 218 201 275 LVIII
481 218 755 274 PROLEGOMENA

114 387 253 465 singulae
283 387 388 446 stellae
416 387 448 445 in
478 387 606 464 siugulis
633 387 805 464 regionibus
833 387 999 447 Ptolemaei
1022 389 1123 447 aetat?

115 478 179 538 sive
203 479 286 534 ortae
310 476 370 534 sint
393 476 457 536 sive
479 476 644 535 occiderint
667 478 697 534 et
722 476 857 535 Idelerus
887 477 919 534 in
942 478 1114 535 commenta-

114 567 196 627 tione
220 582 312 641 supra
340 565 434 624 allata
462 564 565 635 docuit
592 566 622 623 et
648 565 740 640 paulo
768 566 939 626 accuratius
966 566 1114 642 multoque

114 654 298 715 commodius
321 672 400 712 nunc
421 657 523 729 potest
545 654 712 729 computari
731 653 875 713 adhibitis
893 653 1007 713 tabuiis
1025 654 1117 714 utilis·

114 744 196 804 simis
220 743 376 802 Wisliceni
407 737 531 815 ‘chein
564 760 618 801 aar
648 741 851 816 Bestimmuap
882 744 935 802 der
960 737 1120 816 ‚icibrta'ctea

85 832 191 906 Ἀπί·
218 851 247 890 c.
282 832 466 906 Unteryc'aqe
487 832 540 890 der
569 825 718 890 Gestirne'
742 855 784 878 =
809 825 937 891 ‘Public
962 831 989 890 d.
1014 823 1121 892 astron.

114 915 194 983 Ges?
217 921 273 978 XX
297 911 421 1001 (1892).

182 1008 240 1068 Sed
258 1009 314 1067 hoe
332 1011 571 1068 astronomorum
591 1012 648 1067 est:
667 1011 804 1067 nostrum
823 1011 870 1068 est
884 1027 921 1068 ea
938 1010 1121 1070 eonst'tuere

115 1117 193 1176 quae
212 1097 315 1174 aliqua
329 1117 395 1157 cum
409 1097 624 1174 probabilitate
643 1097 850 1156 Ptolemaeum
867 1097 1003 1173 posuisse
1028 1099 1123 1158 statui

113 1190 225 1265 potest.
270 1186 372 1263 Atque
399 1205 468 1245 cum
495 1186 526 1243 in
552 1186 708 1262 proacdosi
735 1186 883 1246 voluerim
911 1187 1010 1245 solum
1033 1188 1124 1247 verba

113 1276 229 1354 tradita
251 1275 326 1333 talia
354 1275 456 1350 qualia
482 1274 513 1332 in
541 1275 651 1333 nostris
679 1274 831 1334 codicibus
854 1276 1000 1353 leguntur
1023 1295 1124 1336 recen·

114 1383 188 1442 sere,
211 1364 243 1421 in
265 1363 321 1421 hac
340 1363 437 1421 altera
460 1363 592 1422 editione
610 1363 776 1422 Ptolemaei
799 1364 896 1439 ipsius
915 1364 1008 1424 verba
1028 1365 1126 1442 quoad

115 1454 182 1512 eius
204 1451 269 1511 fieri
291 1454 392 1528 potest
414 1452 573 1511 restituere
598 1455 722 1511 conatus
747 1470 820 1511 sum.
864 1471 923 1530 quo
947 1453 979 1511 in
1002 1472 1125 1513 munere

113 1544 194 1600 reete
218 1540 420 1616 perpetrando
444 1541 553 1599 summi
576 1541 721 1599 momenti
745 1545 803 1618 est,
831 1543 912 1618 quod
932 1541 1126 1602 Ptolemaeus

113 1648 175 1689 uno
199 1647 319 1710 quoque
343 1629 391 1687 die
414 1647 530 1704 semper
548 1630 685 1706 regiones
705 1649 740 1688 es
763 1630 867 1689 eodem
890 1631 993 1689 ordine
1012 1633 1128 1707 profert

114 1729 192 1820 (ὥρᾳ
206 1758 235 1816 νγ
249 1729 296 1814 δ”,
315 1733 363 1814 ιδ,
386 1735 415 1794 ιδ
434 1728 484 1812 5”,
507 1732 548 1813 ἦ,
570 1733 597 1794 ἦ
616 1729 684 1816 5¹¹),
707 1756 803 1814 neque
825 1755 956 1814 usquam
979 1739 1125 1814 posterio-

113 1845 177 1886 rem
200 1825 307 1884 horam
329 1825 416 1902 ponit
437 1824 537 1901 priore
561 1825 635 1884 loco.
672 1824 720 1884 hic
743 1826 839 1904 igitur
862 1826 933 1885 ordo
952 1826 1125 1904 ubicunque

114 1915 257 1976 turbatus
281 1917 340 1991 est,
363 1933 521 1974 numerum
545 1917 720 1990 corruptum
743 1915 792 1974 vel
815 1915 950 1974 ordinem
972 1915 1127 1975 inversum

115 2023 178 2064 esse
202 2007 336 2080 apparet.
377 2003 460 2062 haud
482 2021 550 2061 raro
570 2003 649 2061 enim
672 2003 702 2061 id
723 2021 841 2080 quoque
866 2003 992 2081 accidit,
1012 2007 1049 2064 ut
1067 2009 1125 2064 tra·

115 2093 197 2152 ditus
229 2092 321 2151 horae
357 2109 500 2150 uumerus
536 2110 590 2167 per
626 2110 656 2150 se
695 2092 815 2168 quidem
851 2096 952 2151 rectus
985 2093 1038 2171 sit,
1076 2093 1127 2152 sed

115 2182 192 2240 falso
224 2181 290 2239 loeo
324 2180 511 2256 adscriptus,
544 2183 579 2239 ut
610 2184 686 2256 puta
717 2181 813 2257 primo
847 2183 925 2259 loco,
958 2200 1026 2240 cum
1060 2201 1126 2258 per·

114 2269 212 2330 tineat
230 2269 268 2327 ad
287 2269 448 2328 secundam
471 2269 630 2329 tertiamve
652 2269 900 2329 observationem.
942 2270 1048 2347 Neque
1071 2271 1125 2329 mi·

114 2377 171 2418 nus
185 2360 300 2416 certum
320 2361 366 2416 ast
388 2357 576 2434 singularum
599 2358 755 2417 stellarum
779 2358 1004 2419 observationes
1022 2363 1125 2419 tenera

115 2465 232 2522 semper
255 2446 361 2505 debere
384 2446 526 2504 horarum
544 2447 652 2505 seriem
671 2447 733 2507 sive
753 2448 962 2507 ascendentem
985 2449 1050 2508 sive
1073 2448 1123 2507 de-

114 2535 314 2594 scendentem.
365 2535 474 2612 quibus
506 2535 623 2594 duabus
656 2536 767 2594 normis
799 2537 879 2595 inter
911 2555 941 2595 se
975 2537 1126 2613 copulatis

113 2623 293 2700 plerumque
308 2624 407 2683 visum
425 2627 471 2683 est
489 2628 537 2683 sat
556 2627 636 2683 certo
656 2625 766 2684 iudicio
786 2625 878 2684 verba
892 2625 1005 2684 tradita
1025 2645 1126 2684 emen-

116 2712 182 2771 dari
202 2730 299 2787 posse.

205 2798 345 2859 Ceterum
372 2800 525 2860 sciendum
552 2807 598 2861 est
626 2803 661 2861 de
691 2801 828 2861 omuibus
851 2805 1016 2862 veterum
1048 2821 1125 2880 quae

115 2890 154 2949 ed
187 2890 396 2948 stellarum
426 2893 536 2949 ortus
571 2909 779 2951 occasusve
812 2893 951 2966 spectant
987 2892 1126 2952 observa-

115 2978 247 3039 tionibus
276 2979 388 3055 optime
417 2980 588 3055 exposuisse
609 2980 642 3041 G.
668 2980 871 3039 Hofmannum
888 2983 1128 3057 ,programmate

115 3067 306 3145 Tergestensi
329 3087 355 3127 a.
381 3069 465 3127 1879
500 3061 586 3127 ‘tiber
617 3072 664 3129 die
691 3070 735 3128 bei
762 3069 818 3127 dea
842 3069 1037 3143 yriecbiscbea
1064 3071 1128 3129 aad

113 3158 274 3216 romiscbea
300 3155 523 3229 Schriftstellera
548 3160 713 3218 crebritates
737 3156 814 3230 Aaf-
843 3159 906 3216 aad
943 3158 1129 3239 Upterodnqe
1165 3200 1167 3205 -

116 3248 169 3305 der
191 3239 316 3305 Stcrae’.

182 3335 249 3410 Ipse
281 3353 353 3395 vero
382 3335 485 3411 paucis
515 3335 575 3394 iam
605 3335 752 3413 defungar
781 3354 904 3393 munere
935 3334 1053 3394 dicendi
1085 3336 1126 3394 de

116 3424 335 3483 astronomis
377 3443 528 3500 quorum
568 3433 828 3501 parapegmata
869 3423 910 3481 ab
948 3442 1125 3501 anonymo

116 3511 210 3587 apud
234 3510 422 3571 Geminum
445 3517 479 3571 θῖ
503 3532 521 3571 a
544 3512 754 3572 Ptolemaeo
779 3513 990 3571 laudantur.
1027 3531 1126 3590 neque

108 3600 195 3659 enim
213 3599 303 3659 huius
322 3601 380 3660 loci
399 3604 457 3678 est,
476 3601 582 3660 multis
597 3602 757 3660 edisserere
774 3601 808 3660 de
828 3601 993 3660 notissimis
1013 3620 1128 3678 eorum,
