2490 4124
162 249 226 313 104
487 247 575 302 LYDI
592 247 641 301 DE
661 246 834 303 OSTENTIS

124 421 253 495 Βμενεί
274 412 395 497 χρόνῳ,
420 412 512 475 ἔσται
535 407 573 475 δέ
594 414 768 497 κρείττονα
789 411 830 474 τά
850 411 1035 495 πράγματα,
1058 410 1114 476 καὶ
1139 413 1171 477 ολ

159 516 312 600 πολέμιοι
348 517 607 601 ἡττηθήσονται,
644 515 699 581 καὶ
731 515 749 581 δ
774 519 899 593 -στόλος
932 517 1042 581 αὐτῶν
1074 541 1172 582 κατα-

160 626 416 708 βυθισθήσεται.
453 624 483 688 εί
501 620 539 688 δὲ
557 625 639 688 κατά
657 624 819 708 δημοσίου
838 626 943 687 τόπου
957 628 1171 708 κατενεχθείη

160 731 198 797 τὸ
221 739 299 816 πῦρ,
322 733 427 819 θηρία
450 727 568 815 ἑρπετά
590 739 660 806 τοῖς
682 732 837 814 κτήνεσιν
860 729 1093 814 ένοχλήσουσι,
1117 729 1172 794 καὶ

161 836 224 921 οὐχ
245 838 364 919 ήκιστα
386 835 593 921 ἀνθρώποις·
614 834 784 922 βιαιοτέρα
803 832 841 900 δὲ
859 838 949 900 ἔσται
968 837 988 920 ή
1008 834 1040 913 έξ
1061 836 1173 901 αὐτῶν
1185 855 1212 904 ἐ

108 943 303 1027 182Αβλάβη
335 950 382 1029 τῷ
409 950 470 1006 τοῦ
498 939 594 1028 ἀέρος
621 944 717 1027 βαρεῖ
744 945 963 1026 καταστήματι
990 949 1173 1028 θερμαινο-

25 1046 28 1053 ’
160 1047 252 1132 μένη.
294 1049 323 1112 εί
346 1045 383 1112 δὲ
406 1046 460 1112 ἐπὶ
483 1052 613 1132 τείχους
634 1052 857 1132 κατενεχθείη,
881 1048 1093 1134 ἐμπρησμοὺς
1115 1067 1173 1133 ση-

161 1158 286 1239 μαίνει·
308 1153 363 1218 καὶ
385 1157 528 1238 πόλεμος
552 1151 589 1219 δὲ
611 1156 828 1238 κινηθήσεται
855 1155 916 1219 οὐκ
940 1155 1079 1239 εὐτυχής
1101 1168 1174 1233 τοῖς
1198 1229 1201 1235 ,

161 1261 359 1346 πράγμασιν.
405 1262 435 1325 εἰ
462 1257 500 1326 δὲ
523 1265 692 1338 παντελῶς
714 1265 944 1347 καταφθαρείη
967 1270 1013 1349 τῷ
1038 1271 1173 1349 σκηπτῷ

161 1369 199 1432 τὸ
218 1378 335 1451 τεῖχος,
355 1366 567 1453 ἐμπρησμοὺς
584 1369 667 1432 κατά
683 1378 750 1432 τῶν
769 1366 958 1452 άναχκαίων
974 1378 1031 1452 τής
1044 1371 1174 1446 πόλεως
1188 1400 1213 1440 ιο

162 1484 272 1558 μερῶν
299 1472 559 1558 προσδοκητέον,
588 1475 700 1550 δόλοις
723 1471 760 1538 δὲ
784 1469 877 1539 οὗτοι
900 1473 955 1538 καὶ
979 1474 1223 1556 ε’πιβουλαῖςιιε

162 1583 374 1664 γενήσονται,
406 1578 517 1657 ἕψεται
550 1576 588 1644 δὲ
618 1579 674 1645 καὶ
705 1583 848 1664 πόλεμος
880 1581 920 1645 οὐ
953 1583 1084 1666 μικρός,
1116 1580 1173 1646 καὶ

162 1687 268 1770 βλάβη
292 1689 464 1770 γενήσεται
484 1687 557 1764 τοῖς
579 1689 702 1763 τόποις.
848 1669 853 1679 ’

127 1805 151 1858 Β
225 1793 277 1858 50.
294 1791 429 1871 Ἥλιος
447 1793 532 1877 <έν>
551 1792 692 1859 λέοντι.
730 1795 813 1858 κατά
834 1803 956 1858 τοῦτον
975 1795 1036 1858 τὸν
1053 1796 1174 1880 καιρὸν

163 1901 192 1965 εί
224 1905 435 1985 κατενεχθείη
467 1902 628 1987 κεραυνὸς
654 1899 730 1965 καθ’
763 1901 838 1966 οἵου
867 1902 989 1985 δήποτε
1018 1903 1123 1965 τόπου
1151 1901 1211 1985 ήιι

162 2005 284 2092 μέρους
301 2006 321 2091 ή
340 2017 490 2092 ποταμοῦ
509 2007 529 2090 ή
548 2009 730 2092 θαλάσσης,
749 2009 895 2093 ὄλεθρον
913 2018 983 2085 τοῖς
996 2011 1172 2091 βασιλεῦσι

162 2113 224 2178 καί
248 2123 318 2190 τοῖς
348 2113 385 2178 έν
413 2115 622 2191 δυναστείαις
650 2118 815 2198 σημαίνει·
852 2114 907 2179 καὶ
936 2115 997 2180 οὐκ
1025 2118 1095 2179 ἔστι
1122 2138 1173 2191 τις

163 2220 309 2305 διαφορά
339 2219 415 2306 περὶ
447 2222 577 2285 τούτου.
627 2223 761 2297 είκότως
791 2244 826 2285 τε
858 2220 968 2287 κοιναὶ
1001 2221 1172 2307 συμφοραὶ

161 2336 232 2402 τοῖς
247 2327 419 2410 δημοσίοις
432 2329 671 2410 βλαστήσουσι·
691 2328 989 2409 συχκινδυνεύσειν
1006 2330 1069 2414 γάρ
1084 2329 1173 2404 εἰκὸς

163 2432 285 2508 αὐτοὺς
307 2442 377 2508 τοῖς
399 2434 580 2513 βασιλεῦσι.
617 2433 672 2499 καί
696 2434 757 2498 οὐκ
776 2437 866 2499 ἔσται
886 2435 904 2500 δ
923 2445 1027 2499 νικῶν
1046 2435 1082 2499 έν
1101 2446 1171 2511 τοῖς
1185 2465 1212 2504 ιο

162 2537 375 2622 μαχομένοις,
403 2538 485 2603 άλλδι
512 2541 674 2623 καθολική
703 2542 820 2626 φθορά
847 2540 959 2606 αὐτῶν
985 2564 1020 2605 τε
1045 2552 1112 2605 τῶν
1136 2542 1173 2606 έν

132 2645 304 2726 δδυνάμει
327 2642 381 2709 καὶ
405 2645 466 2730 οὐχ
488 2647 606 2728 ήκιστα
628 2657 696 2711 τῶν
717 2644 800 2733 ὑπὲρ
821 2648 931 2712 αὐτῶν
950 2647 1173 2732 ἐνισταμένων

163 2760 235 2826 ταῖς
261 2751 387 2834 μάχαις.
432 2751 487 2817 καὶ
515 2754 552 2816 τὸ
577 2754 617 2837 δή
640 2755 775 2818 πάντων
798 2755 1048 2839 σχετλιώτερον,
1076 2758 1179 2820 κειτα-Ι

164 2860 397 2942 φθαρήσονται
424 2857 479 2923 καὶ
507 2860 541 2923 αλ
568 2864 759 2945 περιουσίαν
786 2871 853 2924 τῶν
879 2865 1027 2945 πολλῶν,
1055 2861 1109 2925 καί
1139 2864 1173 2927 αἱ

161 2968 276 3041 πόλεις
297 2967 517 3049 πυρίφλεκτον
541 2969 682 3032 ἔσονται.
956 2964 958 2968 ’
1186 2997 1213 3038 25

222 3069 358 3148 Ἥλιος
372 3071 455 3157 <ε’ν>
468 3072 662 3161 παρθένῳ.
694 3074 792 3157 ήλίου
807 3071 844 3138 δὲ
858 3073 910 3139 ἐπὶ
925 3076 986 3158 τήν
999 3073 1182 3161 παρθένον

164 3180 274 3255 ἰόντος
311 3180 340 3243 εί
377 3183 589 3263 κατενεχθείη
621 3183 797 3266 κεραυνός,
835 3183 972 3267 φθοράν
1003 3193 1173 3264 χυναικῶν

235 3406 253 3460 8
277 3405 411 3477 δημοσίου
438 3408 537 3480 τόπου]
566 3406 700 3477 δημοσίου
728 3409 767 3478 L,
796 3411 945 3478 δημοσίους
971 3407 1073 3472 τόπους
1098 3410 1174 3535 ΟῑῙχΙ

164 3475 182 3530 5
201 3478 276 3550 αὐτῷ
297 3479 320 3533 0
339 3482 349 3550 ΙΙ
370 3479 405 3533 11
426 3478 518 3543 δόλοις
536 3478 568 3533 δὲ
588 3475 676 3551 οὗτοι]
695 3481 743 3533 καὶ
762 3480 915 3549 ἐμπρησμολ
935 3479 1027 3543 δόλοις
1046 3482 1098 3536 GL
1111 3481 1150 3551 ΙΙΙ

165 3546 241 3601 ἔσται
260 3550 319 3604 LV
337 3553 346 3620 ΙΙ
369 3551 406 3604 19
427 3549 536 3620 δημίοις
556 3550 589 3619 0,
608 3551 707 3620 δήμοις
725 3551 883 3620 suspicatur
901 3551 934 3606 H.
961 3555 965 3621 1
977 3553 1173 3678 ςρλαστήσουσι
1215 3618 1219 3626 Ι

155 3633 233 3680 ,corn
252 3619 375 3674 Hercher
392 3636 443 3690 pro
463 3620 671 3694 βλαοθήοονται
685 3624 694 3691 ΙΙ
708 3621 745 3675 23
765 3620 957 3693 σχεταιότερον
