2490 4124
221 251 925 323 cfflmfflmfflmfflmm
1032 253 1075 316 Μ

10 446 49 487 ιιι
62 420 211 502 κομήτης
235 411 343 501 οὗτος,
366 416 436 494 τοϊς
458 412 535 481 καθ’
559 408 607 481 ὧν
629 414 880 501 ἀποστρέφεται,
902 418 960 493 τάς
981 415 1076 481 άστο-

62 528 141 610 ’χίας
164 522 323 611 ἐπιφέρει.
364 524 393 588 ελ
417 520 454 588 δέ
477 521 530 587 ἐπὶ
552 523 613 587 τὸν
635 525 736 588 νότον
760 525 837 605 ίδοι,
855 522 1016 593 ,ἐπιδώσει
1040 523 1131 588 ὁσΒΑ

62 634 191 708 Νεῖλος
221 629 478 715 ἀφθονώτερον,
511 630 624 714 εἰρήνη
657 652 692 693 τε
723 627 779 693 καὶ
809 628 960 714 εὐετηρία
987 632 1078 694 ἔσται

64 735 119 802 ἐπὶ
154 746 211 822 τῆς
243 738 434 820 Αλγόπτου,
472 734 611 819 ὁμόνοιά
642 750 677 799 τε
708 734 764 799 καὶ
797 737 976 820 εἰλικρινὴς
1008 746 1078 813 τοῖς

34 853 168 910 τπᾶσιν
197 843 328 927 ἡσυχία.
373 843 403 908 εἰ
430 838 467 906 δὲ
495 841 785 927 ἀποστρεφόμενος
807 840 863 906 καὶ
885 843 967 905 κατά
989 852 1078 905 νῶτα

63 953 151 1034 ἔχων
180 951 242 1032 τὴν
265 949 429 1032 ἀνατολὴν
448 946 502 1013 ἐπὶ
524 949 585 1031 την
608 949 709 1012 δόσιν
731 947 804 1035 ὁρᾷ,
829 950 963 1034 ἄπειρος
986 950 1077 1012 ἔσται

62 1065 136 1132 τοῖς
154 1052 325 1138 Ῥωμαίοις
353 1054 561 1139 εὐδαιμονία·
599 1053 731 1139 Πέρσας
753 1078 789 1118 τε
811 1056 874 1139 γάρ
898 1057 1075 1118 καταπολε-

61 1164 210 1246 μησουσι
240 1159 295 1226 καὶ
323 1160 426 1225 αὐτοῦ
455 1158 699 1246 ἀναιρουμένου
728 1169 787 1225 τοῦ
812 1165 954 1245 Περσῶν
980 1163 1074 1242 βασι-

62 1267 160 1346 λέως·
188 1268 322 1332 πάντων
344 1290 378 1331 τε
402 1266 487 1350 ὁμοῦ
509 1276 577 1330 τῶν
599 1265 738 1349 ἀγαθῶν
761 1265 912 1350 ἀφθονία
933 1275 973 1352 τῇ
993 1263 1074 1330 Ῥω-

24 1403 49 1444 ιο
60 1378 174 1459 μαίων
203 1377 352 1458 πολιτεία
384 1376 488 1437 ἔσται·
524 1371 601 1437 θέαι
630 1395 664 1436 τε
693 1373 841 1456 άφθονοι
869 1369 924 1436 καὶ
952 1371 1074 1457 δωρεαὶ

61 1483 236 1566 φιλότιμοι
255 1478 310 1545 καὶ
325 1478 454 1544 ἱππικοὶ
468 1478 594 1563 ἀγῶνες
608 1479 862 1565 σπουδαιότεροι
875 1480 956 1563 μετά
969 1489 1074 1563 μυχα-

61 1592 188 1671 γωγίας
206 1594 267 1651 τοῦ
281 1588 433 1669 πλήθους
448 1585 758 1669 ἐπιτελεσθησονται
772 1584 826 1650 καὶ
842 1584 953 1662 ἁπλῶς
967 1588 1074 1661 εἰπεῖν

61 1703 133 1769 τοῖς
161 1693 329 1778 πράγμασι
356 1693 519 1774 καθολικὴ
544 1694 634 1756 ἔσται
658 1692 776 1776 λλαρία.
823 1691 852 1754 εἰ
876 1688 913 1754 δὲ
937 1689 990 1754 ἐπὶ
1012 1693 1073 1775 τὴν

61 1801 186 1886 ἄρκτον
219 1800 286 1863 ίδοι
318 1798 400 1862 κατά
431 1808 519 1862 νῶτα
549 1798 610 1862 τὸν
639 1799 740 1861 νότον
768 1796 879 1879 άφείς,
910 1798 1072 1882 καταδρα-

23 1915 204 1991 ιεμοῦνται
226 1906 358 1988 Λιβύην
385 1906 418 1968 οἱ
446 1904 509 1969 άπὸ
537 1913 594 1987 της
617 1902 782 1990 Εὐρώπης
809 1905 900 1990 νόμςο
924 1901 1070 1987 πολέμου

57 2011 115 2078 καὶ
143 2012 206 2096 οὐχ
233 2012 351 2095 ἥκιστα
377 2011 410 2075 ολ
437 2010 502 2074 άπὸ
525 2018 586 2074 τοῦ
609 2009 807 2074 άνατολικοῦ
830 2011 966 2095 βορείου
990 2012 1072 2074 κατά

58 2129 126 2184 τῶν
155 2120 301 2183 δυτικῶν
328 2121 457 2182 νοτίων.
503 2127 573 2192 τοῖς
601 2112 638 2179 δέ
666 2114 718 2181 ἐπὶ
744 2117 805 2199 τὴν
828 2114 1001 2199 ἀνατολὴν
1016 2115 1071 2180 καὶ

58 2230 236 2308 Αἴγυπτον
258 2227 382 2300 νοτίοις
406 2225 438 2288 οἱ
461 2224 544 2308 πρὸς
566 2225 730 2306 βοήθειαν
752 2221 807 2286 καὶ
831 2224 985 2306 φυλακην
1003 2234 1070 2287 τῶν

57 2331 150 2417 ὅροιν
180 2329 391 2415 ένιδρύμενοι
419 2340 614 2416 στρατιῶται
642 2331 682 2393 τά
708 2334 856 2427 χείριστα
884 2327 1070 2406 ἐπάξουσιν.

131 2593 147 2647 l
169 2589 249 2655 οὗτος
268 2610 320 2646 om.
340 2594 383 2662 M,
403 2591 489 2655 οὐτως
507 2594 556 2662 Ni
572 2600 630 2654 τοῖς
648 2590 719 2646 καθ’
740 2587 779 2646 ὧν
796 2593 825 2645 D
844 2594 887 2662 (ut
906 2592 996 2663 suppl.
1015 2592 1070 2661 H.),

56 2673 117 2728 τοῖς
134 2663 189 2734 ἀφ’
210 2659 249 2718 ὧν
267 2665 302 2730 L,
320 2683 364 2718 τοι
375 2707 451 2719 .....
462 2663 521 2718 νΟ
550 2672 608 2725 τοῖς
626 2671 743 2732 καρποῖς
761 2664 804 2732 Μ,
825 2682 857 2717 το
876 2673 994 2732 καρποῖς
1012 2665 1046 2719 Ν
1064 2666 1068 2736 Ι

56 2706 1068 2804 mmmmmmmwmmmnma

57 2828 107 2862 ι..
129 2805 162 2876 0,
186 2803 285 2860 ἀπίδοι
303 2800 376 2860 ΜΝ
392 2807 402 2875 ΙΙ
423 2805 441 2859 8
460 2806 674 2876 ἀφθονώτερον]
694 2805 879 2874 εὐτονώτερον
952 2802 1070 2876 ΙΙδτην

56 2877 200 2948 Αὐγυπτον
219 2877 293 2930 ΜΝ
311 2879 320 2947 ΙΙ
343 2876 361 2932 ὐ
380 2885 455 2931 νῶτα
473 2876 520 2945 Μ,
542 2896 619 2931 .οτο.
641 2876 669 2944 0,
688 2875 706 2930 i.
727 2892 750 2930 e.
770 2873 853 2931 νότον
870 2878 901 2930 ελ
919 2875 959 2930 sic
976 2872 1047 2930 DN
1059 2876 1071 2948 ΙΙ

58 2948 74 3004 λ
98 2946 168 3002 inde
191 2964 209 3000 a.
231 2966 261 3002 τε
282 2946 383 3017 incipit
406 2947 508 3002 lacuna
529 2946 559 3000 in
583 2947 643 3000 cod.
664 2946 697 3016 0,
721 2946 752 3000 in
775 2964 830 3014 quo
850 2945 966 3016 explicit
984 2944 1032 3000 fol.
1053 2952 1069 2999 6

56 3035 129 3074 vers.
149 3021 179 3073 et
197 3018 372 3073 desideratur
390 3036 476 3071 unum
494 3020 568 3071 certe
587 3017 686 3072 folium
704 3020 714 3088 ss
732 3018 751 3072 8
770 3017 976 3087 ἀναιρουμένου
994 3014 1067 3083 DN,

55 3085 263 3159 ἀναιρεθέντος
278 3090 336 3160 ΜΝ
351 3088 388 3142 10
407 3089 484 3143 ἔσται
501 3087 626 3163 πολιτείᾳ
644 3089 675 3143 D
688 3091 698 3158 ΙΙ
712 3088 750 3143 13
768 3097 826 3152 τοῖς
843 3087 987 3158 πράγμασι
1004 3091 1070 3157 post

57 3160 137 3216 ἔσται
153 3162 260 3230 διενεμ.
280 3158 310 3214 D
335 3162 339 3230 fl
364 3157 458 3229 λλαρία
475 3161 548 3227 DN,
569 3156 697 3229 ἱλαρότης
712 3160 750 3213 Μ
771 3163 775 3229 Ι
800 3158 864 3230 τὴν]
882 3158 977 3212 τὸνΙ)
996 3160 1007 3227 ΙΙ
1030 3157 1068 3213 14

56 3240 135 3287 νῶτα
153 3228 196 3301 Μ,
215 3233 304 3286 νώτου
322 3233 365 3301 D,
384 3229 467 3285 νότου
481 3231 515 3284 N
521 3233 551 3356 lig
565 3231 600 3285 17
621 3233 742 3285 δυτικῶν
758 3231 859 3284 νοτίων
872 3228 950 3297 DN,
969 3226 1069 3284 νοτίων
1183 3277 1185 3280 .

56 3304 180 3358 δυτιιιῶν
199 3296 238 3356 Μ
247 3304 257 3372 ΙΙ
271 3301 308 3356 18
326 3299 430 3365 νοτίοις
449 3318 501 3355 om.
