2490 4124
112 249 188 304 LXII
484 247 761 304 PROLEGOMENA

118 417 199 476 medi
222 417 284 478 fuit
306 418 433 494 amicus,
456 418 495 476 ad
518 437 608 494 quem
630 418 683 476 ille
706 418 852 477 assolaret
873 417 994 476 mittere
1019 417 1130 493 scripta

121 524 177 565 sua
190 507 412 566 mathematica.
437 507 517 583 quod
527 510 660 566 testatur
666 507 730 583 ipse
740 505 934 565 Archimedes
944 506 980 564 de
991 506 1129 582 quadrat.

118 595 252 672 parabol.
272 615 300 671 p.
322 598 432 672 294,1
460 595 505 656 ed.
527 595 614 656 Heib.
637 595 684 655 his
706 595 817 656 verbis:
850 591 979 665 dcccdccc
1002 592 1130 654 Κόνωνα

120 680 175 762 μὲν
202 680 445 761 τετελευτηκέναι,
476 677 510 755 ὃς
536 675 576 762 ἦν
604 680 645 742 ἔτι
673 680 789 762 βλέπων
811 679 885 761 ἡμῖν
913 679 945 742 ἒν
973 683 1059 765 φιλίᾳ
1087 686 1128 742 et:

119 781 172 832 τοῦ
200 769 254 851 μὲν
282 770 515 849 τετελευτηκότος
544 771 654 831 εἵνεκεν
681 769 869 850 ἕλυπήθημες
898 768 938 843 ὡς
965 770 1018 830 καλ
1041 770 1129 848 φίλου

118 869 172 921 τοῦ
196 858 306 941 ἀνδρὸς
329 857 490 940 γενομένου
512 858 564 920 καλ
586 858 620 921 ἐν
643 865 704 931 τοῖς
728 860 932 938 μαθημάτεσσι
953 864 1129 938 θαυμαστοῦ

118 971 211 1025 τινος;
236 953 329 1027 atque
353 950 450 1027 addit,
473 967 505 1008 se
523 950 644 1009 mittere
662 968 741 1008 nunc
762 949 819 1009 boc
843 950 991 1026 scriptum
1013 949 1128 1008 mathe-

118 1038 264 1096 maticum
297 1039 335 1097 ad
367 1037 558 1116 Dositheum,
589 1035 629 1109 ὡς
663 1036 784 1098 Κόνωνι
813 1037 939 1117 γράφειν
971 1035 1129 1117 ἐγνωκότες

73 1169 75 1173 <
120 1118 249 1209 ἦμενῃ).
309 1127 389 1186 unde
422 1147 491 1186 eum
522 1130 748 1204 praeceptorem
785 1146 905 1204 quoque
940 1126 1130 1186 Archimedis

119 1215 223 1293 fuisse,
243 1236 302 1275 non
321 1219 402 1274 recte
422 1216 521 1275 effecit
535 1216 650 1275 Probus
669 1216 688 1275 l.
704 1234 726 1276 s.
758 1216 893 1275 instituit
909 1218 1013 1274 autem
1028 1216 1129 1275 Conon

120 1304 342 1364 observationes
361 1305 577 1363 astronomicas
595 1305 627 1362 in
647 1304 750 1363 Sicilia
769 1308 800 1363 et
822 1304 912 1364 Italia
931 1296 1074 1384 (Ptolem.
1094 1304 1129 1361 de
1162 1330 1168 1338 ·

118 1411 222 1469 appar.
245 1412 273 1467 p.
290 1394 353 1451 275
377 1385 538 1474 v.10)²³),
567 1393 693 1470 eiusque
720 1394 836 1452 multae
859 1393 1057 1470 episemasiae
1082 1411 1129 1451 ex-

119 1480 263 1539 hibentur
289 1481 321 1538 in
343 1480 511 1539 Ptolemaei
538 1485 760 1560 parapegmate.
800 1484 906 1558 postea
928 1480 1130 1540 Alexandriae

119 1569 209 1645 vixit,
233 1571 325 1646 atque
348 1568 391 1626 ibi
412 1560 519 1645 'procul
543 1571 633 1631 dubio
657 1572 828 1644 defectiones
849 1572 919 1630 solis
941 1575 1076 1630 sanatas
1094 1571 1130 1629 ab

118 1655 271 1733 Αεγγμλόλο
294 1659 404 1733 colleyit
427 1649 544 1738 (Sanco.
567 1660 587 1718 l.
606 1651 651 1740 s).

186 1746 317 1806 Videtur
339 1747 430 1807 etiam
455 1767 473 1807 a
495 1767 566 1825 rege
585 1748 759 1807 Ptolemaeo
782 1749 874 1806 tertio
892 1748 1048 1826 Euergete
1066 1749 1082 1808 I
1100 1749 1130 1807 in

120 1836 289 1896 aulicorum
302 1828 508 1917 numerum²4)
523 1839 662 1912 receptus
682 1855 759 1913 esse,
778 1838 858 1895 certe
872 1836 1025 1896 hominem
1044 1839 1130 1896 aulae

119 1925 1132 2002 ingenioadmodumaccommodatumeumfuisse,doceturhistoria

120 2013 278 2072 notissima
294 2033 371 2092 quae
386 2015 422 2073 de
437 2015 518 2074 crine
534 2013 692 2074 berenices
705 2018 854 2073 narratur.
877 2014 1038 2074 Berenices
1054 2015 1131 2074 enim

121 2102 217 2161 crines
246 2121 315 2161 oum
342 2104 373 2161 in
401 2103 514 2178 templo
536 2103 663 2162 Veneris
691 2102 892 2180 Zephyritidis
921 2107 991 2178 post
1012 2105 1130 2163 felicem

120 2190 287 2249 Ptolemaei
305 2191 428 2250 victoris
453 2209 487 2250 ex
506 2191 581 2250 Asia
598 2191 730 2250 reditum
754 2185 791 2270 (c.
812 2210 837 2250 a.
859 2193 921 2250 243
946 2211 972 2251 a.
987 2185 1071 2274 Chr.)
1096 2211 1131 2250 ex

119 2281 191 2339 voto
216 2279 346 2339 dedicati
370 2282 470 2338 essent
493 2281 544 2338 Sed
567 2280 758 2356 posterosdie
777 2279 1004 2357 disperdissent,
1028 2280 1131 2340 Conon

121 2370 240 2441 captans
262 2371 340 2427 inire
359 2370 488 2442 qratiam
510 2371 586 2442 repis
605 2370 680 2428 dicit
697 2371 805 2428 ονλκουι
822 2372 897 2429 ictor
915 2371 1014 2429 sidera
1037 2372 1131 2429 cidari

118 2554 331 2622 mathematicas,
339 2553 491 2625 Αογγμιικε
499 2556 610 2609 actione
624 2555 737 2624 (rectius
748 2554 1020 2626 dixissetAepyptias
1029 2559 1131 2612 mothe-

116 2627 241 2691 maticae,
256 2624 366 2680 Samias
373 2628 501 2695 actione).
522 2643 585 2679 cum
594 2629 751 2695 temporum
762 2629 892 2696 computo
902 2626 1034 2681 instituto
1045 2645 1132 2697 appa-

118 2696 192 2764 reat,
217 2694 358 2750 Cononem
382 2695 528 2750 Samium
545 2697 826 2751 mathematicum
843 2697 998 2752 Aristarchi
1025 2698 1131 2752 Samii

117 2766 356 2821 mathematici
375 2767 522 2835 aequalem
540 2767 626 2823 fuisse
645 2767 795 2838 iuniorem,
815 2768 872 2822 iam
886 2768 1027 2823 enascitur
1041 2769 1131 2839 suspi-

119 2836 169 2906 tio,
185 2835 326 2892 Cononem
344 2837 499 2891 Aristarchi
519 2838 668 2907 disciplina
686 2855 854 2893 usum‘esse.

190 2912 235 2977 22)
259 2908 293 2962 ef.
313 2908 471 2963 Archimed.
491 2909 526 2964 dc
545 2910 652 2978 sphaer.
669 2913 697 2964 et
716 2909 832 2979 cylindr.
851 2911 877 2963 Π
894 2929 920 2980 p.
937 2916 1028 2980 188,2
1047 2911 1129 2966 Heib.

119 2997 241 3049 prooem.
265 2989 321 3034 τῶν
345 2979 548 3052 προβλημάτων
570 2980 621 3045 τάς
640 2982 809 3050 ἀποδείξεις,
834 2977 872 3036 ὧν
891 2982 974 3046 αὐτὸς
992 2981 1043 3045 τὰς
1061 3003 1131 3051 προ-

119 3051 211 3115 τάσεις
236 3049 386 3105 άπὲστειλα
410 3051 535 3120 Κόνωνι,
565 3051 602 3106 id.
631 3053 665 3107 de
688 3052 736 3107 lin.
757 3053 822 3122 spir.
846 3071 872 3121 p.
893 3058 957 3122 2,2
983 3062 1040 3107 τῶν
1065 3055 1131 3108 ποτλ

119 3120 240 3178 Κόνωνα
259 3122 471 3177 ἀποσταλέντων
488 3122 687 3194 θεωρημάτων.

191 3195 235 3262 23)
263 3193 329 3248 inde
355 3193 496 3264 profectus
524 3195 619 3248 tamen
645 3211 702 3249 non
729 3195 770 3249 ita
799 3195 984 3264 probabiliter
1009 3195 1132 3249 coniecit

118 3264 277 3320 Boeclrhius
296 3265 314 3318 l.
335 3283 354 3319 s.
373 3283 400 3334 p.
416 3271 450 3319 30
469 3265 543 3318 hunc
562 3267 681 3320 eundem
696 3283 755 3321 esse
770 3268 854 3337 atque
869 3266 1017 3334 Cononem,
1036 3267 1130 3335 quode

118 3336 244 3404 loquitur
263 3335 375 3392 Servius
393 3335 424 3390 in
442 3337 510 3390 Aen.
525 3336 578 3389 VH
597 3343 661 3392 738:
687 3339 780 3392 Coacon
802 3341 834 3393 ia
857 3355 887 3393 eo
909 3340 978 3393 libro
1002 3355 1080 3407 qaam
1097 3338 1131 3392 de

119 3408 208 3462 Italia
230 3410 339 3477 scripsit
362 3410 492 3478 quosdam
515 3408 643 3480 Ρολοεγοε
665 3411 785 3478 aliosque
807 3427 841 3464 ιιι
859 3410 1044 3478 Peloponneso
1067 3425 1131 3464 ουκ·

119 3495 202 3533 oecos
220 3481 258 3534 cd
276 3498 336 3535 eam
355 3481 441 3534 λοοκκι
458 3481 560 3534 Italiac
577 3482 679 3535 νικλεεο
697 3481 764 3535 dicit
781 3487 826 3535 ete.

191 3551 235 3618 24)
255 3549 288 3603 of.
308 3550 415 3605 Probus
438 3549 457 3603 l.
477 3568 496 3605 s.
518 3550 612 3605 θοκοκ
635 3595 640 3605 .
662 3595 666 3605 .
692 3552 844 3606 Ptolemaeo
862 3553 1004 3607 adsiduas.
1042 3550 1129 3605 schol.

119 3620 251 3674 Barnous.
270 3620 288 3674 l.
308 3639 328 3675 s.
351 3621 446 3676 Coaoa
464 3664 470 3675 .
491 3663 497 3676 .
517 3625 564 3691 qui
582 3639 644 3678 οκνι
662 3622 814 3677 Ptolemaeo
831 3625 894 3691 fait.
