2490 4124
117 248 195 303 XXX
258 289 261 292 ι
482 245 756 302 PROLEGOMENA

123 434 300 494 congruer03
327 416 445 494 reliqua
468 419 571 476 autem
597 433 667 491 pars
696 416 808 492 optime
836 415 966 491 quadrat
991 417 1026 474 in
1056 436 1134 494 eam,

119 524 197 582 quae
215 505 388 582 praemissis
406 504 596 583 generalibus
615 503 795 581 quibusdam
818 503 1135 566 animadversionibus

120 594 225 655 statim
248 595 453 672 subsequitur,
476 593 718 654 dissertationem
736 592 772 652 de
791 591 969 652 fulminibus
991 594 1058 654 sine
1076 613 1132 654 no-

117 683 198 743 mine
212 684 344 743 auctoris
359 683 522 742 exhibitam
541 674 619 763 (cap.
635 673 791 762 47-52).
823 681 855 740 in
872 683 1004 759 utraque
1024 686 1132 743 autem

121 773 226 832 eadem
247 775 369 831 tenetur
390 772 484 848 ratio,
512 790 572 849 qua
595 789 631 828 ex
652 772 762 829 natura
789 770 869 848 signi
895 770 1070 850 uodiaoalis,
1098 773 1132 831 in

118 881 178 939 quo
202 861 246 921 sol
265 861 375 920 lunave
397 859 489 937 positi
511 861 580 937 sint,
604 857 735 918 efficitur
758 859 832 936 quid
853 863 1134 937 praemonstretur,

118 953 155 1009 ut
177 949 346 1025 exemplum
368 950 500 1023 afferam,
524 948 586 1007 sole
605 948 654 1008 vel
676 948 750 1006 luna
771 947 881 1006 libram
902 947 1049 1026 ingressis
1071 949 1133 1008 iui-

120 1038 223 1115 quitas
246 1036 435 1115 significatur
457 1040 488 1096 et
509 1037 657 1113 pernicies
675 1037 718 1095 eis
736 1036 885 1114 frugibus,
909 1054 986 1113 quae
1009 1038 1135 1097 trutina

118 1131 292 1204 pensantur,
316 1127 362 1186 sin
380 1125 537 1203 virginem,
562 1124 728 1202 virginibus
746 1125 837 1184 castis
861 1128 892 1184 et
909 1125 1031 1185 feminis
1049 1127 1132 1203 peri·

117 1217 218 1275 culum
240 1215 367 1274 inminet
389 1217 421 1273 et
443 1215 523 1290 agris
546 1214 704 1290 sterilitas,
732 1214 802 1274 alia.
848 1213 917 1273 dein
939 1215 971 1272 in
992 1216 1133 1291 utraque

119 1306 290 1365 continetur
312 1300 457 1378 καθολικὴ
480 1300 647 1379 ἐπιτήρησις
677 1295 774 1381 (quod
800 1305 960 1378 praeterea
985 1303 1020 1362 in
1041 1305 1135 1363 nulla

118 1394 187 1452 inde
211 1412 229 1452 a
251 1411 315 1469 cap.
337 1394 466 1452 23-58
494 1383 671 1471 reperitur);
699 1391 731 1450 in
758 1395 893 1468 utraque¹
915 1392 1048 1469 denique
1077 1393 1130 1452 ob·

117 1481 248 1542 servatio
275 1481 421 1558 incipitur
447 1482 484 1540 ab
515 1481 622 1558 ariete,
653 1480 685 1539 id
715 1481 798 1556 quod
823 1481 1006 1557 Aegyptiaci
1034 1481 1133 1541 moris

118 1561 218 1651 est.⁸⁷)
241 1569 374 1629 Labeoni
387 1570 483 1646 igitur
501 1570 593 1629 etiam
606 1587 670 1646 cap.
690 1570 822 1628 47-52
841 1569 1030 1646 adsignanda
1048 1574 1131 1631 sunt

182 1658 354 1736 Nigidius
377 1659 529 1734 Figulus
557 1658 671 1718 citatur
693 1676 757 1734 cap.
781 1661 822 1718 45
851 1655 885 1718 ἐν
907 1665 943 1742 τῇ
965 1665 1026 1718 τῶν
1051 1654 1131 1719 ὄνερ

116 1769 177 1828 ροον
199 1744 365 1826 ἐπισκέψει,
394 1748 426 1806 in
455 1767 515 1825 qua
543 1747 699 1824 praedicat
727 1745 864 1805 fulminis
893 1765 947 1823 per
974 1749 1130 1807 somnium

115 1837 174 1897 visi
196 1839 330 1898 faustum
351 1856 451 1912 omen,
473 1836 595 1896 videtur
612 1834 708 1913 igitur
725 1834 849 1895 Hertuio
867 1826 919 1916 (de
937 1835 1042 1913 Nigid.
1062 1837 1130 1915 Fig.

116 1946 145 2003 p.
160 1919 218 2007 35)
240 1927 339 1987 iudice
363 1925 578 1987 divinationem
600 1944 677 2002 quae
702 1924 826 1984 somniis
844 1924 954 1984 nititur
976 1924 1131 2003 singulari

115 2015 218 2076 libello
243 2016 424 2093 exposuisse.
466 2017 599 2074 ceterum
616 2014 780 2073 tenendum
803 2015 856 2090 est,
879 2012 972 2072 talem
994 2014 1130 2074 somnio-

114 2123 183 2162 rum
205 2104 486 2181 interpretationem
509 2104 589 2179 apud
613 2100 778 2162 Chaldaeos
805 2102 902 2179 magis
930 2120 1023 2178 quam
1047 2103 1130 2178 apud

114 2193 260 2253 Etruscos
278 2193 424 2252 usitatam
442 2192 535 2251 fuisse
555 2194 647 2269 atque
669 2191 739 2250 inde
758 2191 935 2267 scrupulum
953 2191 990 2249 de
1009 2191 1132 2270 origine

114 2282 278 2360 Nigidiano
296 2280 386 2340 facile
400 2279 492 2340 alicui
510 2278 582 2339 inici
595 2272 738 2361 posse.⁵⁸)
775 2278 844 2338 dein
858 2279 890 2337 in
907 2297 973 2355 cap.
993 2281 1129 2341 27—38

113 2372 294 2448 proponitur
322 2366 470 2449 ἐφήμερος
499 2368 717 2450 βρονιοσκοιιία
745 2364 851 2444 τοαικὴ
885 2365 959 2447 πρὸς
991 2365 1048 2445 τὴν
1080 2384 1129 2429 σε-

113 2459 210 2538 λήνην
236 2458 310 2519 κατὰ
337 2457 389 2518 τὸν
413 2450 555 2536 Ῥωμαῖον
585 2457 733 2536 &hoctor
755 2453 789 2516 ἐκ
810 2463 869 2516 τῶν
894 2455 1026 2536 Τάγητος
1050 2451 1127 2517 καθ’

114 2545 272 2628 ἑρμηνείαν
294 2545 368 2628 πρὸς
390 2544 467 2620 λέξιν
490 2548 526 2605 de
550 2565 610 2624 qua
632 2547 711 2604 infra
734 2545 840 2604 dicam.

180 2637 317 2714 Denique
331 2639 400 2713 post
414 2655 458 2713 ea,
473 2653 551 2713 quae
564 2636 596 2694 in
609 2634 709 2712 priore
723 2635 833 2694 lacuna
850 2633 961 2693 codicis
971 2631 1126 2694 Oaseolini

115 2725 332 2785 interciderunt
346 2729 377 2786 et
391 2743 427 2784 ex
444 2724 656 2784 Laurentianis
680 2726 870 2783 accesserunt
893 2714 932 2804 (c.
950 2715 1007 2782 10‘1
1022 2715 1126 2806 ertu),

185 2914 230 2982 37)
249 2912 283 2966 cf.
303 2912 389 2967 schol.
408 2912 486 2966 Arat.
506 2929 532 2966 v.
551 2916 611 2965 644.
645 2911 672 2964 ol
689 2910 836 2980 Aigaionos
861 2908 974 2973 εἰκότως
997 2909 1127 2965 ἀπὸτοῦ

113 2993 193 3054 κριοῦ
212 2983 430 3052 ποιοῦνταιτὴν
453 2982 555 3053 ἀρχήν,
582 2980 676 3037 πάντα
701 2981 737 3036 κὰ
761 2981 848 3054 ζῴδια
872 2979 944 3035 κακὰ
967 2979 1128 3052 ἀναλογίαν

113 3054 302 3128 λαμβάνοντες
326 3063 381 3109 τῶν
406 3057 496 3125 μελῶν
522 3054 571 3107 καὶ
596 3053 630 3121 δὴ
656 3053 707 3108 τὸν
731 3051 782 3123 μὲν
805 3051 886 3120 κριὸν
903 3051 1030 3121 κεφαλὴν
1050 3047 1127 3108 εἷναί

113 3145 214 3197 φασιν,
238 3125 269 3181 ἐν
287 3119 305 3197 ᾖ
323 3125 355 3180 τὸ
374 3121 555 3196 ἡγεμονικόν,
575 3123 671 3193 ἐπειδὴ
691 3123 706 3179 ὁ
724 3123 801 3192 κριὸς
818 3131 874 3177 τῶν
892 3119 1041 3196 προβάτων
1059 3123 1126 3248 αρα-

112 3200 172 3269 μὼν
194 3199 244 3254 καὶ
265 3194 386 3266 πρόοδος
409 3195 496 3264 ἐστιν,
519 3195 569 3249 καὶ
592 3193 635 3250 ὅτι
653 3194 685 3251 ἐν
702 3199 741 3268 τῷ
759 3199 827 3267 κριῷ
847 3193 862 3247 d
880 3191 958 3262 ἥλιος
976 3193 1074 3263 ἰοημερ
1107 3215 1125 3250 ν

112 3279 247 3338 ποιεῖται,
272 3277 377 3337 ταῦρον
400 3266 431 3322 δὲ
454 3267 504 3322 τὸν
526 3265 633 3337 αὐχένα
656 3266 722 3338 ἄχρι
744 3274 799 3321 τῶν
820 3267 930 3333 ποδῶν,
956 3263 988 3318 οἴ
1007 3265 1078 3321 εἰσιν
1096 3265 1126 3319 οἱ

112 3342 218 3412 ἰχθύες.
251 3339 386 3395 Visellius
405 3342 476 3411 (cap.
491 3339 537 3407 55)
556 3337 642 3392 etiam
662 3339 698 3392 ab
719 3337 805 3392 ariete
824 3334 938 3405 incipit,
956 3334 1090 3406 Nigidius
1104 3353 1126 3391 a

112 3429 225 3481 cancro,
245 3411 331 3467 ceteri
350 3428 367 3465 a
386 3411 555 3481 capricorno.
593 3412 717 3464 ceterum
735 3411 882 3476 utramque
901 3406 1125 3476 disputationem

111 3501 169 3539 non
187 3483 322 3538 Etruscae
342 3482 521 3553 disciplinae,
545 3481 595 3534 sed
617 3479 787 3534 Chaldeieae
810 3477 982 3548 astrologiae
1004 3494 1073 3548 prae
1092 3493 1124 3531 se

112 3555 184 3610 ferre
203 3557 346 3622 naturam,
364 3571 422 3608 non
440 3570 510 3622 opus
529 3554 623 3606 estut
641 3567 778 3606 moneam.

181 3629 225 3697 38)
246 3626 280 3680 cf.
302 3624 475 3679 Sohmeisser
493 3625 600 3692 quaest.
620 3622 728 3677 Etrusc.
747 3641 773 3692 p.
790 3627 873 3690 itaq.
