2490 4124
112 268 178 334 208
430 267 577 322 CLAVDII
593 267 807 324 promum

111 435 192 509 τοὺς
204 441 221 495 ε
237 429 485 515 πλανωμένους,
502 433 565 515 τήν
577 428 640 515 μὲν
653 435 798 516 σελήνην
812 432 1129 518 άνταναλαμβάνου-

113 557 177 605 σαν
199 539 245 616 ὡς
267 537 321 604 έπί
343 541 431 603 πολὺ
448 541 507 616 τὰς
527 537 746 622 ἐπισημασίας
764 538 828 604 ἀπὸ
847 550 917 604 τῶν
934 539 1008 605 κατ’
1033 541 1129 618 αὐτάς

111 648 171 723 τὰς
192 646 312 729 φάσεις
333 643 467 730 ἡμερῶν
490 643 543 710 έπί
566 647 625 722 τὰς
644 655 713 710 τῶν
732 646 830 710 ἰδίων
847 647 934 731 πρὸς
951 647 1017 712 τὸν
1035 649 1129 732 ἥλιον

113 763 361 838 σχηματισμῶν·
393 754 473 828 τοὺς
504 748 542 816 δὲ
567 761 586 815 ἒ
612 750 851 836 πλανωμένους
877 753 983 818 πάλιν
1013 771 1128 840 συνερ

113 868 258 944 γοῦντας
277 868 349 934 ταῖς
366 859 521 940 ποιότησι
539 868 608 922 τῶν
624 855 852 942 προτελέσεων
870 858 1046 944 ἀνάλογον
1063 872 1129 938 ταῖς
1149 884 1160 925 ι

112 977 181 1031 τῶν
199 967 334 1031 οἰκείων
351 965 489 1047 φύσεων
506 965 643 1049 κράσεσι
660 963 716 1029 καὶ
731 968 959 1050 συμμετρίαις,
977 968 1129 1053 καθάπερ

113 1072 169 1138 καί
198 1083 267 1136 τῶν
293 1072 392 1156 ὡρῶν
419 1071 530 1136 αὐτῶν
558 1070 650 1137 ἐστιν
677 1072 764 1136 ἰδεῖν
790 1070 846 1136 καί
873 1074 955 1150 τοὺς
981 1075 1129 1158 καιρούς,

112 1175 193 1244 ποτὲ
220 1174 282 1261 μὲν
309 1180 518 1260 συλληπτῶς,
546 1174 625 1242 ποτὲ
643 1174 688 1263 Ιδὲ
710 1183 969 1263 καθυστερητῶς
993 1179 1129 1264 ἀποβαί-

113 1308 234 1361 νοντας
257 1284 313 1347 διά
335 1285 393 1360 τάς
416 1295 483 1347 τῶν
506 1288 675 1367 συζυγιῶν
695 1282 794 1367 ἡλίου
817 1284 872 1349 καί
897 1288 1043 1370 σελήνης
1061 1289 1128 1352 δια-

114 1391 246 1466 στάσεις
273 1388 328 1454 καί
356 1391 414 1467 τὰς
440 1391 618 1474 ποιότητας
644 1392 727 1454 κατὰ
753 1392 791 1455 τὸ
815 1395 944 1474 μᾶλλον
966 1391 1024 1457 καί
1048 1393 1160 1477 <τὸ>ιο

113 1493 215 1581 ήττον
251 1495 304 1560 ίπί
335 1500 493 1561 πλεῖστον
525 1496 789 1581 διατεινομένας,
826 1496 940 1562 ἕνεκεν
972 1509 1033 1583 τῆς
1065 1511 1129 1565 τῶν

113 1601 340 1686 πλανωμένων
362 1604 491 1667 τούτων
514 1602 766 1688 ἐπιπορεόσεως.

182 1711 211 1775 8.
235 1713 354 1787 Καλῶς
377 1705 441 1774 οὖν
463 1712 529 1794 ἔχει
551 1721 727 1795 προσεῖναι
750 1722 822 1788 ταῖς
845 1710 1040 1790 έπισκίψεσι
1063 1725 1129 1779 τῶν

115 1818 385 1902 ἐπισημασιῶν
407 1812 462 1882 καί
486 1816 571 1894 ὅλως
589 1828 657 1882 τῶν
673 1819 838 1883 τοιούτων
855 1823 1129 1905 προρρήσεων,

113 1936 247 2010 πρῶτον
268 1921 331 2008 μὲν
350 1922 610 2009 στοχαζομένους
628 1934 688 1989 τοῦ
706 1923 783 2010 παρ’
807 1925 910 2003 αὐτὰς
928 1927 1053 2010 αἰτίου,
1076 1925 1160 1991 καίυ

114 2034 158 2116 μὴ
186 2033 223 2096 τὸ
246 2041 314 2096 πᾶν
337 2030 390 2095 ἐπὶ
413 2033 505 2118 μόνω
528 2032 635 2119 τούτῳ
658 2029 883 2115 ποιουμένους
905 2032 961 2097 καί
984 2051 1129 2120 προσκα-

114 2147 331 2221 τανοοῦντας,
365 2138 415 2202 ὅτι
448 2136 502 2202 καὶ
535 2149 603 2201 τῶν
634 2137 901 2223 ἀναγραψάντων
932 2139 1047 2204 αὐτῶν
1073 2142 1129 2216 τὰς

115 2245 332 2328 ἐπισημασίας
360 2247 454 2309 ἄλλοι
482 2243 551 2309 κατ’
579 2247 681 2321 άίλας
708 2247 817 2330 χώρας
844 2247 1052 2330 τυγχάνουσι
1080 2271 1128 2311 τε·

114 2354 305 2437 τηρηκότες,
347 2351 401 2415 καί
443 2355 590 2437 πολλαχῇ
627 2349 703 2435 μηδ’
741 2351 872 2435 ὁμοίαις
908 2355 1129 2418 καταστάσεσι

114 2460 406 2543 περιπεπτωκότες,
430 2460 503 2541 ήτοι
527 2456 570 2522 δι’
595 2458 675 2522 αὐτὸ
699 2458 781 2540 <τὸ>
800 2469 867 2522 τῶν
886 2462 1020 2543 χωρίων
1041 2461 1161 2524 ίδιονυ

113 2565 134 2648 ἰΙ
154 2565 211 2627 διὰ
229 2566 265 2627 τὸ
285 2561 367 2647 μηδὲ
386 2566 443 2641 τὰς
461 2565 562 2641 αὐτὰς
581 2565 699 2649 φάσεις
719 2564 755 2629 έν
774 2576 845 2641 ταῖς
862 2565 978 2642 αὐταῖς
991 2564 1129 2652 ἡμέραις

114 2673 338 2736 συνίστασθαι
352 2681 514 2756 πανταχῇ·
534 2664 645 2736 ἔπειτα
659 2669 736 2736 καθ’
754 2671 835 2736 ὅσον
850 2670 1017 2757 ἐνδέχεται
1033 2690 1130 2738 συνε-

113 2776 424 2860 πιλαμβανομένους
451 2777 505 2842 καὶ
533 2789 600 2842 τῶν
627 2780 738 2842 ἄλλων
766 2780 882 2843 αἰτιῶν
909 2777 963 2842 καί
993 2796 1130 2845 συνεπι-

113 2882 357 2967 σκεπτομένους
379 2886 437 2961 τὰς
460 2885 516 2948 διά
539 2895 606 2948 τῶν
629 2882 878 2969 ήμερολοηικῶν
897 2884 1130 2971 ἐκτεθειμένας

115 3002 183 3056 τῶν
209 2989 435 3075 πλανωμένων
460 2992 643 3076 παρόδους,
672 2992 728 3056 ἵνα
751 2993 808 3068 τοίς
830 2988 892 3075 μὲν
914 2990 1039 3077 ἡμέρας
1062 3004 1130 3058 τῶν
1141 3014 1163 3056 ιι

188 3149 203 3204 l
229 3148 538 3240 άνταναλαμβάνουσαν
557 3165 625 3202 corr.
646 3149 677 3203 U
701 3148 720 3202 l.
740 3166 760 3204 s
780 3164 830 3218 pro
850 3148 945 3203 αἰτίαν
966 3148 1131 3222 ἀναλαμβά-

116 3239 222 3276 νουσαν
240 3223 249 3290 ΙΙ
268 3221 286 3275 6
306 3220 420 3291 φάσεων
438 3220 472 3274 Η
487 3220 526 3290 ΙΙ7
547 3221 652 3292 αὐτῶν]
671 3227 801 3289 quattuor
818 3221 846 3273 B
859 3222 868 3289 ΙΙ
883 3219 900 3274 8
920 3225 1132 3312 καθυστερικῶς

116 3293 147 3349 S:
177 3309 244 3346 corr.
269 3292 302 3346 U.
326 3292 344 3346 l.
369 3310 389 3346 s.
413 3292 508 3362 (καί
494 3299 647 3360 νοτηρικῶς
668 3291 745 3361 ΗΙΙΙ
769 3291 817 3346 16
838 3290 873 3345 11
900 3290 932 3344 τό
955 3288 1063 3345 ante
1047 3311 1131 3359 ηττον

116 3381 168 3418 om.
189 3364 243 3432 Sl!
271 3364 308 3418 12
327 3363 396 3417 ταότ
396 3364 480 3432 ηςδε
505 3379 573 3416 corr.
597 3362 629 3416 U.
649 3362 667 3416 l.
688 3380 709 3416 s.
737 3365 746 3432 ΙΙ
775 3360 813 3417 14
831 3371 886 3416 τῶν
910 3365 975 3416 ωιίο
993 3364 1131 3418 τοιοότων

116 3451 169 3489 om.
188 3365 254 3503 ΗΙΙ
279 3435 316 3489 16
333 3435 366 3488 τδ
385 3452 438 3490 om
457 3435 491 3488 H.
515 3436 524 3504 ΙΙ
548 3433 596 3488 16.
616 3433 652 3487 17
672 3441 938 3507 προοκατανοῦντας
957 3434 1003 3504 Sss
1023 3434 1071 3490 18
1092 3434 1129 3489 19

114 3525 233 3596 τετηρηκ
268 3525 296 3570 ες
314 3523 382 3560 corr.
396 3507 429 3561 U
444 3525 471 3576 p.
487 3511 521 3559 28
535 3522 585 3574 pro
599 3501 824 3574 τετηρηδέντες(
825 3503 1002 3561 οόεαυονννιί
990 3506 1076 3596 ίΒΙΙΙ
1091 3505 1129 3560 19

116 3575 182 3645 μηδ
198 3594 303 3646 ρτομη
306 3581 328 3631 θ
356 3593 423 3631 corr.
443 3577 566 3630 Hercher
579 3579 588 3645 ΙΙ
602 3575 641 3629 20
659 3576 691 3630 τό
710 3575 774 3630 add.
793 3576 826 3629 U
842 3576 859 3630 l.
875 3593 895 3630 s.
914 3576 989 3647 Ιτῶν
1007 3577 1128 3702 2⁰19th

115 3646 147 3700 τό
165 3647 199 3702 Η,
217 3650 227 3717 ΙΙ
245 3647 361 3710 21ταίς
380 3665 433 3702 om.
452 3647 486 3702 H.
507 3650 516 3717 ΙΙ
538 3645 575 3701 24
594 3664 632 3701 an
651 3645 875 3718 ἡμερολογίωνίΙ
893 3646 1023 3718 έίκτιδεμ
1024 3668 1077 3711 νας
