2490 4124
185 225 234 285 LH
552 218 826 275 PROLEGOMENA

186 414 215 469 p.
230 392 383 468 475sqq.;
406 409 474 448 raro
497 389 602 458 etiam,
631 407 705 464 quas
732 388 825 447 habet
845 387 1040 447 Florentinus
1063 387 1190 446 Lauren‘

185 482 288 540 tianus
311 480 382 538 bibl.
406 478 715 555 leopold-Mediccae
738 477 925 536 Faesulanac
949 468 1021 559 (F).

253 569 442 646 Argumenta
468 567 608 643 rationis,
638 585 674 624 cx
701 563 761 643 qua
783 565 854 626 hnic
877 565 1047 625 calendario
1071 565 1187 642 adapta·

186 659 282 720 verim
305 659 367 716 dics
390 658 487 716 civiles
510 658 560 730 qra'
582 672 661 714 aurea
683 659 752 714 suat
776 646 822 734 (in
844 656 987 713 contextu
1009 672 1064 714 suc
1088 655 1190 713 locce

187 767 235 806 me
259 738 453 824 adscriptos),
482 745 507 804 si
536 743 603 821 quis
627 744 759 821 quaerit,
787 743 814 802 ei
841 742 1036 819 respondebit
1056 741 1192 820 Ungerus

188 837 241 913 qui
269 836 300 894 in
329 833 532 910 chronologici
560 832 608 892 sui
635 832 803 908 compendii
830 822 876 912 (in
899 831 1020 890 Mdlleri
1043 832 1193 908 compend.

188 924 303 1000 antiqu.
322 923 381 982 litt.
405 914 452 1003 1²)
476 919 496 997 ἓ
516 923 556 981 31
581 921 726 980 Boeckhii
749 913 782 1001 (l.
802 939 824 980 s.
847 941 875 996 p.
897 912 1042 1002 42-58)
1064 921 1194 981 rationes

189 1013 320 1090 quasin
342 1012 497 1087 proecdosi
520 1010 712 1069 adhibueram
737 1012 826 1068 acute
848 1009 984 1077 correxit.

255 1101 456 1161 Ptolemaei
488 1099 692 1159 calendarium
724 1098 750 1157 si
777 1117 845 1156 cum
873 1097 990 1156 duabus
1018 1116 1099 1173 quac
1128 1099 1195 1158 hac·

188 1192 277 1249 tenus
299 1190 474 1266 prodierant
493 1188 674 1247 aditionibus
693 1187 812 1247 Patavii
836 1188 866 1245 et
887 1187 1014 1245 Halmae
1034 1187 1198 1247 contuleris

189 1278 277 1356 quasi
300 1297 424 1355 novum,
453 1277 590 1336 omnibus
614 1295 649 1334 ex
672 1276 810 1351 partibus
834 1275 1022 1334 emendatius
1046 1278 1078 1333 et
1101 1277 1197 1336 multo

189 1367 319 1442 amplius
343 1367 374 1423 in
396 1365 551 1442 proecdosi
570 1364 684 1424 editum
709 1367 767 1443 est3
791 1363 823 1422 id
846 1364 926 1440 quod
944 1383 1004 1423 non
1023 1382 1093 1422 mea
1112 1365 1200 1441 culpa

189 1456 303 1532 evenit,
336 1454 388 1512 sed
414 1474 468 1530 per
498 1454 575 1511 mira
603 1472 680 1530 quac
707 1453 779 1513 huic
801 1451 904 1512 libello
929 1452 1105 1512 acciderunt
1127 1454 1200 1513 fata

188 1543 305 1620 primus
327 1543 407 1601 hunc
429 1543 541 1600 librum
560 1540 672 1601 Graece
696 1542 790 1601 edidit
808 1541 952 1600 Petavius
970 1541 1001 1598 in
1019 1543 1199 1620 uranologio

188 1653 217 1708 p.
236 1635 273 1690 71
288 1650 339 1709 sq,
359 1631 456 1709 quiin
475 1630 662 1707 praefatione
680 1631 755 1689 haec
769 1633 884 1689 narrat:
905 1631 1096 1707 „Ptolemaei
1115 1631 1200 1691 nobis

189 1720 307 1797 copiam
331 1721 444 1779 amicus
466 1719 589 1797 quidam
612 1718 696 1796 fecit,
721 1720 774 1796 qui
798 1737 833 1777 ex
857 1719 982 1800 antiquo
1005 1719 1108 1778 codice
1133 1738 1200 1778 eum

189 1810 356 1887 descripsit,
376 1810 564 1886 eundemque
582 1811 651 1885 post
669 1808 838 1868 invenimus
857 1807 889 1866 in
903 1807 998 1885 Regia
1017 1807 1200 1869 bibliotheca

190 1903 221 1958 et
244 1916 263 1958 a
285 1900 321 1958 N.
337 1899 472 1976 Rigaltic
495 1899 643 1958 utendum
666 1897 849 1973 accepim,
878 1916 913 1955 ex
941 1915 1000 1973 quo
1025 1896 1120 1956 etiam
1142 1917 1200 1957 non

189 2006 288 2064 pauca
310 1983 552 2066 castigavimus“
593 1987 666 2045 Fuit
688 1986 727 2064 is,
750 1989 786 2044 ut
808 2004 887 2044 nunc
911 1986 985 2062 scio,
1008 1986 1072 2045 eod.
1097 1985 1198 2045 Pari-

190 2077 292 2135 sinus
316 2075 366 2136 Gr.
390 2097 418 2134 n.
436 2078 534 2153 2390,
563 2095 652 2152 quem
676 2076 767 2134 etiam
786 2073 896 2133 Halma
918 2074 1031 2151 passim
1054 2075 1198 2151 inspexit;

191 2164 360 2240 descriptus
388 2164 440 2224 ille
468 2168 515 2222 est
539 2197 579 2206 -
603 2168 640 2222 ut
666 2164 744 2223 vidit
771 2163 901 2239 Hauon,
928 2163 1054 2222 Ptolem.
1083 2183 1113 2221 rr.
1137 2185 1199 2244 κρι-

189 2274 251 2331 τηρ.
267 2274 293 2311 κ.
308 2248 391 2331 olyra.
406 2244 522 2334 (1870)
546 2274 575 2329 p.
590 2253 618 2310 V
641 2285 683 2292 —
707 2271 743 2310 er
766 2252 866 2310 codice
889 2251 1094 2311 Laurentiano
1111 2254 1197 2328 28,·1

190 2335 303 2420 (quode
327 2342 394 2401 vide
417 2334 520 2422 infra).
571 2343 623 2400 sed
651 2344 722 2401 sunt
750 2341 898 2417 quaedam
920 2341 952 2399 in
975 2340 1086 2417 quibus
1112 2342 1198 2400 Peta-

188 2430 298 2488 vianus
312 2433 469 2490 contextus
479 2448 547 2489 cum
561 2430 708 2490 Vaticano
723 2421 783 2510 (V)
798 2431 894 2506 magis
909 2430 1078 2489 concordet.
1112 2431 1199 2490 valde

151 2575 153 2578 ,
190 2537 297 2576 manca
320 2522 422 2577 autem
444 2519 517 2578 hacc
540 2520 679 2596 princeps
702 2521 768 2577 erat
790 2518 895 2595 editi03
924 2538 995 2577 nam
1017 2537 1079 2577 non
1102 2519 1199 2578 solum

189 2608 359 2681 permultae
388 2608 590 2682 apparitiones
624 2611 655 2667 ct
686 2607 920 2685 significationes
948 2607 1076 2666 omissae
1105 2610 1199 2678 erant,

190 2695 242 2753 sed
271 2695 362 2754 etiam
389 2698 455 2755 tcta
481 2696 630 2773 praefatio
659 2697 768 2755 deerat.
816 2715 893 2772 quae
924 2697 1023 2755 omnia
1046 2697 1201 2773 supplevit

190 2783 213 2842 I.
235 2783 270 2842 A.
288 2784 442 2844 Fabricius
461 2785 535 2845 bibl,
553 2785 603 2844 Gr.
626 2786 684 2846 rol.
703 2785 750 2844 III
771 2805 799 2861 p.
816 2787 880 2845 420
892 2802 934 2861 sq.
957 2785 1043 2859 prim.
1069 2785 1141 2844 edit.
1165 2805 1201 2843 cx

191 2873 292 2932 codice
317 2873 503 2935 Saviliano
531 2873 690 2934 Oxoniensi
716 2865 780 2955 (S),
809 2874 894 2932 cuius
922 2875 1133 2950 apographum
1162 2874 1199 2933 ab

190 2962 212 3020 I.
228 2961 458 3022 Fr.Wincklero
481 2962 613 3023 Oxcniae
633 2964 803 3022 confectum
825 2965 953 3021 nanctus
977 2965 1054 3040 erat,
1079 2981 1115 3022 ex
1139 2983 1198 3038 quo

190 3052 283 3110 etiam
304 3050 436 3128 reliquas
455 3053 621 3128 scripturae
640 3052 857 3128 discrepantias
876 3051 1019 3112 enotavit.
1054 3071 1091 3109 ex
1109 3052 1199 3127 plane

163 3173 164 3176 =
190 3140 281 3198 simili
310 3140 422 3218 codice,
451 3141 504 3218 qui
531 3139 730 3201 aVincentio
757 3141 867 3200 Pinelli
895 3139 1062 3200 Genevensi
1091 3141 1202 3199 editori

190 3229 300 3288 missus
329 3221 416 3310 esr),
443 3230 564 3289 fluxisse
592 3229 688 3306 primo
722 3231 832 3290 obtutu
863 3233 988 3306 apparet
1020 3221 1201 3305 iuterpreta-

262 3453 288 3519 4)
307 3452 339 3504 ln
353 3452 539 3506 Ambrosiana
553 3452 735 3523 bibliotheca,
754 3453 883 3521 inquam
901 3451 984 3506 multi
1002 3450 1116 3505 Pinellii
1134 3449 1203 3504 libri

189 3521 374 3644 pranderunt,
397 3541 471 3577 nunc
489 3540 546 3577 non
569 3524 717 3594 reperitur3
742 3524 814 3578 latet
841 3523 928 3594 igitur
950 3524 1070 3577 fortasse
1093 3521 1124 3575 in
1146 3523 1203 3576 Pa·

205 3608 296 3646 aune.
