<?xml version="1.0" encoding="UTF-8"?>
<!DOCTYPE html PUBLIC "-//W3C//DTD XHTML 1.0 Transitional//EN"
    "http://www.w3.org/TR/xhtml1/DTD/xhtml1-transitional.dtd">
<html xmlns="http://www.w3.org/1999/xhtml" xml:lang="en" lang="en">
 <head>
  <title>
</title>
<meta http-equiv="Content-Type" content="text/html;charset=utf-8" />
  <meta name='ocr-system' content='tesseract 3.04.00' />
  <meta name='ocr-capabilities' content='ocr_page ocr_carea ocr_par ocr_line ocrx_word'/>
</head>
<body>
  <div class='ocr_page' id='page_1' title='image "./joanneslaurenti00wachgoog_0021.png"; bbox 0 0 2490 4124; ppageno 0'>
   <div class='ocr_carea' id='block_1_1' title="bbox 183 246 823 304">
    <p class='ocr_par' dir='ltr' id='par_1_1' title="bbox 183 246 823 304">
     <span class='ocr_line' id='line_1_1' title="bbox 183 246 823 304; baseline -0.002 -1"><span class='ocrx_word' id='word_1_1' title='bbox 183 248 248 304; x_wconf 91' lang='lat' dir='ltr'>XVI</span> <span class='ocrx_word' id='word_1_2' title='bbox 546 246 823 303; x_wconf 80' lang='lat' dir='ltr'><strong>PROLEGOMENA</strong></span> 
     </span>
    </p>
   </div>
   <div class='ocr_carea' id='block_1_2' title="bbox 185 413 1199 496">
    <p class='ocr_par' dir='ltr' id='par_1_2' title="bbox 185 413 1199 496">
     <span class='ocr_line' id='line_1_2' title="bbox 185 413 1199 496; baseline 0.002 -20"><span class='ocrx_word' id='word_1_3' title='bbox 185 414 251 495; x_wconf 82' lang='grc' dir='ltr'><strong><em>περί</em></strong></span> <span class='ocrx_word' id='word_1_4' title='bbox 269 421 351 475; x_wconf 81' lang='grc' dir='ltr'><strong><em>θεῶν</em></strong></span> <span class='ocrx_word' id='word_1_5' title='bbox 369 413 419 475; x_wconf 83' lang='grc' dir='ltr'>καί</span> <span class='ocrx_word' id='word_1_6' title='bbox 437 423 574 494; x_wconf 82' lang='grc' dir='ltr'><strong><em>κομητῶν</em></strong></span> <span class='ocrx_word' id='word_1_7' title='bbox 598 414 647 475; x_wconf 81' lang='grc' dir='ltr'>διὰ</span> <span class='ocrx_word' id='word_1_8' title='bbox 669 413 763 495; x_wconf 81' lang='grc' dir='ltr'><strong><em>χειρὸς</em></strong></span> <span class='ocrx_word' id='word_1_9' title='bbox 785 414 868 494; x_wconf 80' lang='grc' dir='ltr'><strong><em>ἐμοῦ.</em></strong></span> <span class='ocrx_word' id='word_1_10' title='bbox 885 415 1015 476; x_wconf 85' lang='grc' dir='ltr'><strong><em>ίωοίννου</em></strong></span> <span class='ocrx_word' id='word_1_11' title='bbox 1038 416 1199 496; x_wconf 81' lang='grc' dir='ltr'><strong><em>πρεσβυτί-</em></strong></span> 
     </span>
    </p>
   </div>
   <div class='ocr_carea' id='block_1_3' title="bbox 188 517 1197 621">
    <p class='ocr_par' dir='ltr' id='par_1_3' title="bbox 188 517 1197 621">
     <span class='ocr_line' id='line_1_3' title="bbox 188 517 1197 621; baseline 0 -20"><span class='ocrx_word' id='word_1_12' title='bbox 188 563 242 620; x_wconf 86' lang='grc' dir='ltr'>ρου</span> <span class='ocrx_word' id='word_1_13' title='bbox 265 540 362 620; x_wconf 78' lang='grc' dir='ltr'><strong><em>ῥώσου</em></strong></span> <span class='ocrx_word' id='word_1_14' title='bbox 389 549 441 601; x_wconf 84' lang='grc' dir='ltr'>τοῦ</span> <span class='ocrx_word' id='word_1_15' title='bbox 464 538 571 621; x_wconf 83' lang='grc' dir='ltr'><strong><em>αρητὸς</em></strong></span> <span class='ocrx_word' id='word_1_16' title='bbox 593 518 652 599; x_wconf 59' lang='grc' dir='ltr'>ὀίω</span> <span class='ocrx_word' id='word_1_17' title='bbox 680 517 739 600; x_wconf 39' lang='lat' dir='ltr'>{a</span> <span class='ocrx_word' id='word_1_18' title='bbox 766 517 832 596; x_wconf 52' lang='lat' dir='ltr'>W</span> <span class='ocrx_word' id='word_1_19' title='bbox 868 537 962 617; x_wconf 84' lang='grc' dir='ltr'><strong><em>μηνὸς</em></strong></span> <span class='ocrx_word' id='word_1_20' title='bbox 994 539 1112 601; x_wconf 87' lang='grc' dir='ltr'><strong><em>ίουνίου</em></strong></span> <span class='ocrx_word' id='word_1_21' title='bbox 1139 519 1197 619; x_wconf 63' lang='grc' dir='ltr'>κηη</span> 
     </span>
    </p>
   </div>
   <div class='ocr_carea' id='block_1_4' title="bbox 187 622 1206 3018">
    <p class='ocr_par' dir='ltr' id='par_1_4' title="bbox 187 622 1203 2215">
     <span class='ocr_line' id='line_1_4' title="bbox 189 622 1198 712; baseline 0 -22"><span class='ocrx_word' id='word_1_22' title='bbox 189 622 381 712; x_wconf 61' lang='lat' dir='ltr'>edereedere).</span> <span class='ocrx_word' id='word_1_23' title='bbox 428 631 459 688; x_wconf 91' lang='lat' dir='ltr'>in</span> <span class='ocrx_word' id='word_1_24' title='bbox 482 633 622 707; x_wconf 88' lang='lat' dir='ltr'>utroque,</span> <span class='ocrx_word' id='word_1_25' title='bbox 645 629 677 687; x_wconf 91' lang='lat' dir='ltr'>in</span> <span class='ocrx_word' id='word_1_26' title='bbox 700 629 753 689; x_wconf 90' lang='lat' dir='ltr'>illo</span> <span class='ocrx_word' id='word_1_27' title='bbox 779 622 845 711; x_wconf 88' lang='lat' dir='ltr'>(fol.</span> <span class='ocrx_word' id='word_1_28' title='bbox 865 631 928 689; x_wconf 87' lang='grc'>386</span> <span class='ocrx_word' id='word_1_29' title='bbox 952 622 990 708; x_wconf 82' lang='lat' dir='ltr'>r.)</span> <span class='ocrx_word' id='word_1_30' title='bbox 1014 627 1080 710; x_wconf 83' lang='grc' dir='ltr'><strong><em>ττερλ</em></strong></span> <span class='ocrx_word' id='word_1_31' title='bbox 1103 652 1198 709; x_wconf 80' lang='grc' dir='ltr'><strong><em>κομη-</em></strong></span> 
     </span>
     <span class='ocr_line' id='line_1_5' title="bbox 188 708 1200 800; baseline 0.003 -23"><span class='ocrx_word' id='word_1_32' title='bbox 188 727 246 778; x_wconf 90' lang='grc' dir='ltr'>τῶν</span> <span class='ocrx_word' id='word_1_33' title='bbox 269 717 319 779; x_wconf 84' lang='grc' dir='ltr'>καλ</span> <span class='ocrx_word' id='word_1_34' title='bbox 342 726 401 778; x_wconf 84' lang='grc' dir='ltr'>τῶν</span> <span class='ocrx_word' id='word_1_35' title='bbox 423 715 519 778; x_wconf 81' lang='grc' dir='ltr'><strong><em>ίίλλοον</em></strong></span> <span class='ocrx_word' id='word_1_36' title='bbox 554 715 761 798; x_wconf 81' lang='grc' dir='ltr'><strong><em>ἀστεροειδῶν,</em></strong></span> <span class='ocrx_word' id='word_1_37' title='bbox 788 719 819 776; x_wconf 89' lang='lat' dir='ltr'>in</span> <span class='ocrx_word' id='word_1_38' title='bbox 842 718 898 777; x_wconf 88' lang='lat' dir='ltr'>hoc</span> <span class='ocrx_word' id='word_1_39' title='bbox 922 708 988 799; x_wconf 88' lang='lat' dir='ltr'>(fol.</span> <span class='ocrx_word' id='word_1_40' title='bbox 1009 720 1048 777; x_wconf 84' lang='lat'>31</span> <span class='ocrx_word' id='word_1_41' title='bbox 1070 711 1109 800; x_wconf 80' lang='lat' dir='ltr'>r.)</span> <span class='ocrx_word' id='word_1_42' title='bbox 1134 718 1200 800; x_wconf 76' lang='grc' dir='ltr'><strong><em>περὶ</em></strong></span> 
     </span>
     <span class='ocr_line' id='line_1_6' title="bbox 187 799 1201 888; baseline 0.001 -21"><span class='ocrx_word' id='word_1_43' title='bbox 187 815 324 886; x_wconf 80' lang='grc' dir='ltr'><strong><em>κομητῶν</em></strong></span> <span class='ocrx_word' id='word_1_44' title='bbox 351 799 542 888; x_wconf 71' lang='lat' dir='ltr'>inscriptass)</span> <span class='ocrx_word' id='word_1_45' title='bbox 576 808 681 867; x_wconf 90' lang='lat' dir='ltr'>eadem</span> <span class='ocrx_word' id='word_1_46' title='bbox 703 806 841 884; x_wconf 80' lang='lat' dir='ltr'>Lydiana</span> <span class='ocrx_word' id='word_1_47' title='bbox 868 806 982 884; x_wconf 84' lang='lat' dir='ltr'>legitur</span> <span class='ocrx_word' id='word_1_48' title='bbox 1009 807 1045 866; x_wconf 94' lang='lat' dir='ltr'>de</span> <span class='ocrx_word' id='word_1_49' title='bbox 1074 809 1201 869; x_wconf 88' lang='lat' dir='ltr'>cometis</span> 
     </span>
     <span class='ocr_line' id='line_1_7' title="bbox 187 886 1201 977; baseline 0.001 -22"><span class='ocrx_word' id='word_1_50' title='bbox 187 896 353 973; x_wconf 89' lang='lat' dir='ltr'>disputatio</span> <span class='ocrx_word' id='word_1_51' title='bbox 372 887 419 977; x_wconf 86' lang='lat' dir='ltr'>(in</span> <span class='ocrx_word' id='word_1_52' title='bbox 438 915 501 972; x_wconf 89' lang='lat' dir='ltr'>cap.</span> <span class='ocrx_word' id='word_1_53' title='bbox 523 898 564 954; x_wconf 87' lang='lat'>10</span> <span class='ocrx_word' id='word_1_54' title='bbox 583 914 679 973; x_wconf 89' lang='lat' dir='ltr'>usque</span> <span class='ocrx_word' id='word_1_55' title='bbox 698 895 738 954; x_wconf 92' lang='lat' dir='ltr'>ad</span> <span class='ocrx_word' id='word_1_56' title='bbox 755 914 820 973; x_wconf 89' lang='lat' dir='ltr'>cap.</span> <span class='ocrx_word' id='word_1_57' title='bbox 841 886 912 972; x_wconf 71' lang='lat'>15¹³,</span> <span class='ocrx_word' id='word_1_58' title='bbox 930 915 958 971; x_wconf 90' lang='lat' dir='ltr'>p.</span> <span class='ocrx_word' id='word_1_59' title='bbox 978 898 1031 973; x_wconf 79' lang='lat'>45,</span> <span class='ocrx_word' id='word_1_60' title='bbox 1047 887 1115 977; x_wconf 80' lang='lat'>21),</span> <span class='ocrx_word' id='word_1_61' title='bbox 1140 915 1201 974; x_wconf 86' lang='lat' dir='ltr'>qua</span> 
     </span>
     <span class='ocr_line' id='line_1_8' title="bbox 187 982 1200 1063; baseline 0.002 -20"><span class='ocrx_word' id='word_1_62' title='bbox 187 986 298 1043; x_wconf 86' lang='lat' dir='ltr'>ultima</span> <span class='ocrx_word' id='word_1_63' title='bbox 320 1002 390 1061; x_wconf 90' lang='lat' dir='ltr'>pars</span> <span class='ocrx_word' id='word_1_64' title='bbox 413 985 521 1061; x_wconf 90' lang='lat' dir='ltr'>prioris</span> <span class='ocrx_word' id='word_1_65' title='bbox 544 985 670 1043; x_wconf 88' lang='lat' dir='ltr'>lacunae</span> <span class='ocrx_word' id='word_1_66' title='bbox 694 984 804 1044; x_wconf 87' lang='lat' dir='ltr'>codicis</span> <span class='ocrx_word' id='word_1_67' title='bbox 828 982 991 1061; x_wconf 67' lang='lat' dir='ltr'>(tasselini,</span> <span class='ocrx_word' id='word_1_68' title='bbox 1018 985 1200 1063; x_wconf 88' lang='lat' dir='ltr'>plerumque</span> 
     </span>
     <span class='ocr_line' id='line_1_9' title="bbox 189 1071 1200 1152; baseline 0.002 -20"><span class='ocrx_word' id='word_1_69' title='bbox 189 1076 269 1132; x_wconf 88' lang='lat' dir='ltr'>certe</span> <span class='ocrx_word' id='word_1_70' title='bbox 292 1073 442 1150; x_wconf 80' lang='lat' dir='ltr'>posterior</span> <span class='ocrx_word' id='word_1_71' title='bbox 464 1074 573 1133; x_wconf 90' lang='lat' dir='ltr'>lacuna</span> <span class='ocrx_word' id='word_1_72' title='bbox 601 1074 753 1152; x_wconf 77' lang='lat' dir='ltr'>expletur,</span> <span class='ocrx_word' id='word_1_73' title='bbox 781 1071 963 1149; x_wconf 73' lang='lat' dir='ltr'>Campestris</span> <span class='ocrx_word' id='word_1_74' title='bbox 986 1073 1092 1151; x_wconf 86' lang='lat' dir='ltr'>verbu,</span> <span class='ocrx_word' id='word_1_75' title='bbox 1121 1093 1200 1151; x_wconf 90' lang='lat' dir='ltr'>quae</span> 
     </span>
     <span class='ocr_line' id='line_1_10' title="bbox 187 1161 1200 1239; baseline 0.003 -19"><span class='ocrx_word' id='word_1_76' title='bbox 187 1162 267 1220; x_wconf 87' lang='lat' dir='ltr'>iuter</span> <span class='ocrx_word' id='word_1_77' title='bbox 289 1164 451 1239; x_wconf 91' lang='lat' dir='ltr'>utramque</span> <span class='ocrx_word' id='word_1_78' title='bbox 479 1162 578 1221; x_wconf 90' lang='lat' dir='ltr'>media</span> <span class='ocrx_word' id='word_1_79' title='bbox 606 1162 637 1220; x_wconf 89' lang='lat' dir='ltr'>in</span> <span class='ocrx_word' id='word_1_80' title='bbox 661 1161 810 1222; x_wconf 85' lang='lat' dir='ltr'>Oaseolini</span> <span class='ocrx_word' id='word_1_81' title='bbox 833 1161 907 1221; x_wconf 86' lang='lat' dir='ltr'>folio</span> <span class='ocrx_word' id='word_1_82' title='bbox 931 1162 1038 1238; x_wconf 88' lang='lat' dir='ltr'>quinto</span> <span class='ocrx_word' id='word_1_83' title='bbox 1061 1166 1092 1222; x_wconf 88' lang='lat' dir='ltr'>et</span> <span class='ocrx_word' id='word_1_84' title='bbox 1117 1166 1200 1223; x_wconf 84' lang='lat' dir='ltr'>sexto</span> 
     </span>
     <span class='ocr_line' id='line_1_11' title="bbox 188 1241 1201 1330; baseline 0.001 -20"><span class='ocrx_word' id='word_1_85' title='bbox 188 1253 309 1311; x_wconf 82' lang='lat' dir='ltr'>servata</span> <span class='ocrx_word' id='word_1_86' title='bbox 332 1250 385 1311; x_wconf 89' lang='lat' dir='ltr'>sed</span> <span class='ocrx_word' id='word_1_87' title='bbox 408 1250 496 1311; x_wconf 82' lang='lat' dir='ltr'>valde</span> <span class='ocrx_word' id='word_1_88' title='bbox 519 1251 628 1310; x_wconf 90' lang='lat' dir='ltr'>mutila</span> <span class='ocrx_word' id='word_1_89' title='bbox 658 1252 803 1328; x_wconf 85' lang='lat' dir='ltr'>leguntur</span> <span class='ocrx_word' id='word_1_90' title='bbox 827 1241 869 1330; x_wconf 89' lang='lat' dir='ltr'>(p.</span> <span class='ocrx_word' id='word_1_91' title='bbox 886 1251 1016 1310; x_wconf 82' lang='lat'><strong>35-58</strong></span> <span class='ocrx_word' id='word_1_92' title='bbox 1042 1251 1114 1313; x_wconf 83' lang='lat' dir='ltr'>edit.</span> <span class='ocrx_word' id='word_1_93' title='bbox 1137 1252 1201 1311; x_wconf 91' lang='lat' dir='ltr'>Ha-</span> 
     </span>
     <span class='ocr_line' id='line_1_12' title="bbox 188 1332 1200 1422; baseline 0.003 -24"><span class='ocrx_word' id='word_1_94' title='bbox 188 1332 318 1422; x_wconf 87' lang='lat' dir='ltr'>sianae),</span> <span class='ocrx_word' id='word_1_95' title='bbox 341 1340 431 1416; x_wconf 89' lang='lat' dir='ltr'>plena</span> <span class='ocrx_word' id='word_1_96' title='bbox 455 1340 555 1399; x_wconf 92' lang='lat' dir='ltr'>omnia</span> <span class='ocrx_word' id='word_1_97' title='bbox 577 1339 757 1400; x_wconf 90' lang='lat' dir='ltr'>scribuntur.</span> <span class='ocrx_word' id='word_1_98' title='bbox 804 1358 864 1417; x_wconf 91' lang='lat' dir='ltr'>qua</span> <span class='ocrx_word' id='word_1_99' title='bbox 893 1339 926 1396; x_wconf 87' lang='lat' dir='ltr'>in</span> <span class='ocrx_word' id='word_1_100' title='bbox 953 1359 985 1397; x_wconf 94' lang='lat' dir='ltr'>re</span> <span class='ocrx_word' id='word_1_101' title='bbox 1014 1341 1099 1399; x_wconf 87' lang='lat' dir='ltr'>nefas</span> <span class='ocrx_word' id='word_1_102' title='bbox 1123 1340 1200 1401; x_wconf 88' lang='lat' dir='ltr'>duco</span> 
     </span>
     <span class='ocr_line' id='line_1_13' title="bbox 188 1427 1202 1506; baseline 0.003 -20"><span class='ocrx_word' id='word_1_103' title='bbox 188 1448 248 1488; x_wconf 91' lang='lat' dir='ltr'>non</span> <span class='ocrx_word' id='word_1_104' title='bbox 277 1429 379 1504; x_wconf 88' lang='lat' dir='ltr'>palam</span> <span class='ocrx_word' id='word_1_105' title='bbox 409 1428 586 1506; x_wconf 89' lang='lat' dir='ltr'>contestari,</span> <span class='ocrx_word' id='word_1_106' title='bbox 618 1427 769 1487; x_wconf 87' lang='lat' dir='ltr'>Hasium</span> <span class='ocrx_word' id='word_1_107' title='bbox 800 1428 845 1488; x_wconf 91' lang='lat' dir='ltr'>ita</span> <span class='ocrx_word' id='word_1_108' title='bbox 875 1445 938 1487; x_wconf 91' lang='lat' dir='ltr'>sese</span> <span class='ocrx_word' id='word_1_109' title='bbox 968 1427 1139 1488; x_wconf 82' lang='lat' dir='ltr'>insinuasse</span> <span class='ocrx_word' id='word_1_110' title='bbox 1169 1430 1202 1488; x_wconf 92' lang='lat' dir='ltr'>in</span> 
     </span>
     <span class='ocr_line' id='line_1_14' title="bbox 187 1516 1201 1595; baseline 0.003 -21"><span class='ocrx_word' id='word_1_111' title='bbox 187 1516 268 1594; x_wconf 86' lang='lat' dir='ltr'>Lydi</span> <span class='ocrx_word' id='word_1_112' title='bbox 290 1517 445 1595; x_wconf 86' lang='lat' dir='ltr'>ingenium</span> <span class='ocrx_word' id='word_1_113' title='bbox 469 1521 500 1577; x_wconf 92' lang='lat' dir='ltr'>et</span> <span class='ocrx_word' id='word_1_114' title='bbox 518 1518 631 1593; x_wconf 90' lang='lat' dir='ltr'>stilum,</span> <span class='ocrx_word' id='word_1_115' title='bbox 654 1520 690 1576; x_wconf 92' lang='lat' dir='ltr'>ut</span> <span class='ocrx_word' id='word_1_116' title='bbox 707 1518 739 1576; x_wconf 91' lang='lat' dir='ltr'>in</span> <span class='ocrx_word' id='word_1_117' title='bbox 758 1517 934 1593; x_wconf 89' lang='lat' dir='ltr'>supplendis</span> <span class='ocrx_word' id='word_1_118' title='bbox 952 1516 1052 1576; x_wconf 82' lang='lat' dir='ltr'>verbis</span> <span class='ocrx_word' id='word_1_119' title='bbox 1069 1518 1201 1577; x_wconf 85' lang='lat' dir='ltr'>maxime</span> 
     </span>
     <span class='ocr_line' id='line_1_15' title="bbox 187 1596 1202 1688; baseline 0.002 -24"><span class='ocrx_word' id='word_1_120' title='bbox 187 1605 304 1684; x_wconf 89' lang='lat' dir='ltr'>laceris,</span> <span class='ocrx_word' id='word_1_121' title='bbox 334 1624 411 1683; x_wconf 91' lang='lat' dir='ltr'>quae</span> <span class='ocrx_word' id='word_1_122' title='bbox 431 1607 602 1683; x_wconf 80' lang='lat' dir='ltr'>expiscatus</span> <span class='ocrx_word' id='word_1_123' title='bbox 621 1609 668 1666; x_wconf 88' lang='lat' dir='ltr'>est</span> <span class='ocrx_word' id='word_1_124' title='bbox 686 1625 723 1665; x_wconf 86' lang='lat' dir='ltr'>ex</span> <span class='ocrx_word' id='word_1_125' title='bbox 741 1605 897 1665; x_wconf 81' lang='lat' dir='ltr'>Oaseolino</span> <span class='ocrx_word' id='word_1_126' title='bbox 921 1596 968 1685; x_wconf 89' lang='lat' dir='ltr'>(in</span> <span class='ocrx_word' id='word_1_127' title='bbox 987 1624 1050 1682; x_wconf 87' lang='lat' dir='ltr'>cap.</span> <span class='ocrx_word' id='word_1_128' title='bbox 1067 1598 1202 1688; x_wconf 83' lang='lat'>9-15)‚</span> 
     </span>
     <span class='ocr_line' id='line_1_16' title="bbox 190 1694 1202 1773; baseline 0 -19"><span class='ocrx_word' id='word_1_129' title='bbox 190 1695 426 1754; x_wconf 85' lang='lat' dir='ltr'>semel&#39;tantum</span> <span class='ocrx_word' id='word_1_130' title='bbox 449 1713 467 1754; x_wconf 89' lang='lat' dir='ltr'>a</span> <span class='ocrx_word' id='word_1_131' title='bbox 490 1695 619 1756; x_wconf 87' lang='lat' dir='ltr'>veritate</span> <span class='ocrx_word' id='word_1_132' title='bbox 648 1695 768 1755; x_wconf 91' lang='lat' dir='ltr'>omnino</span> <span class='ocrx_word' id='word_1_133' title='bbox 797 1694 996 1771; x_wconf 87' lang='lat' dir='ltr'>aberraverit,</span> <span class='ocrx_word' id='word_1_134' title='bbox 1024 1696 1202 1773; x_wconf 78' lang='lat' dir='ltr'>ceteroquin</span> 
     </span>
     <span class='ocr_line' id='line_1_17' title="bbox 188 1782 1201 1861; baseline 0 -18"><span class='ocrx_word' id='word_1_135' title='bbox 188 1802 305 1860; x_wconf 87' lang='lat' dir='ltr'>semper</span> <span class='ocrx_word' id='word_1_136' title='bbox 319 1783 500 1844; x_wconf 89' lang='lat' dir='ltr'>sententiam</span> <span class='ocrx_word' id='word_1_137' title='bbox 514 1786 641 1861; x_wconf 89' lang='lat' dir='ltr'>rectam,</span> <span class='ocrx_word' id='word_1_138' title='bbox 659 1784 837 1861; x_wconf 90' lang='lat' dir='ltr'>plerumque</span> <span class='ocrx_word' id='word_1_139' title='bbox 856 1782 922 1859; x_wconf 87' lang='lat' dir='ltr'>ipsa</span> <span class='ocrx_word' id='word_1_140' title='bbox 936 1782 1028 1843; x_wconf 87' lang='lat' dir='ltr'>verba</span> <span class='ocrx_word' id='word_1_141' title='bbox 1047 1784 1201 1860; x_wconf 89' lang='lat' dir='ltr'>scriptoris</span> 
     </span>
     <span class='ocr_line' id='line_1_18' title="bbox 189 1862 1203 1954; baseline 0 -22"><span class='ocrx_word' id='word_1_142' title='bbox 189 1875 345 1933; x_wconf 88' lang='lat' dir='ltr'>assecutus</span> <span class='ocrx_word' id='word_1_143' title='bbox 380 1873 432 1954; x_wconf 72' lang='lat' dir='ltr'>sit,</span> <span class='ocrx_word' id='word_1_144' title='bbox 465 1872 558 1932; x_wconf 86' lang='lat' dir='ltr'>etiam</span> <span class='ocrx_word' id='word_1_145' title='bbox 587 1872 744 1950; x_wconf 84' lang='lat' dir='ltr'>ingeniosa</span> <span class='ocrx_word' id='word_1_146' title='bbox 775 1862 994 1952; x_wconf 78' lang='lat' dir='ltr'>coniectura¹²)</span> <span class='ocrx_word' id='word_1_147' title='bbox 1026 1872 1137 1932; x_wconf 87' lang='lat' dir='ltr'>ultima</span> <span class='ocrx_word' id='word_1_148' title='bbox 1168 1892 1203 1932; x_wconf 89' lang='lat' dir='ltr'>ea</span> 
     </span>
     <span class='ocr_line' id='line_1_19' title="bbox 188 1959 1202 2040; baseline -0.002 -18"><span class='ocrx_word' id='word_1_149' title='bbox 188 1962 293 2039; x_wconf 84' lang='lat' dir='ltr'>verba,</span> <span class='ocrx_word' id='word_1_150' title='bbox 318 1981 395 2040; x_wconf 89' lang='lat' dir='ltr'>quae</span> <span class='ocrx_word' id='word_1_151' title='bbox 418 1965 488 2022; x_wconf 90' lang='lat' dir='ltr'>aute</span> <span class='ocrx_word' id='word_1_152' title='bbox 511 1962 620 2022; x_wconf 87' lang='lat' dir='ltr'>folium</span> <span class='ocrx_word' id='word_1_153' title='bbox 638 1963 779 2039; x_wconf 89' lang='lat' dir='ltr'>quintum</span> <span class='ocrx_word' id='word_1_154' title='bbox 804 1959 953 2020; x_wconf 85' lang='lat' dir='ltr'>Oaseolini</span> <span class='ocrx_word' id='word_1_155' title='bbox 975 1961 1202 2040; x_wconf 88' lang='lat' dir='ltr'>interciderunt,</span> 
     </span>
     <span class='ocr_line' id='line_1_20' title="bbox 188 2048 1200 2129; baseline 0.002 -21"><span class='ocrx_word' id='word_1_156' title='bbox 188 2050 359 2110; x_wconf 89' lang='lat' dir='ltr'>restituerit</span> <span class='ocrx_word' id='word_1_157' title='bbox 372 2052 435 2110; x_wconf 87' lang='lat' dir='ltr'>fere</span> <span class='ocrx_word' id='word_1_158' title='bbox 450 2051 489 2110; x_wconf 90' lang='lat' dir='ltr'>ad</span> <span class='ocrx_word' id='word_1_159' title='bbox 502 2051 638 2110; x_wconf 89' lang='lat' dir='ltr'>litteram</span> <span class='ocrx_word' id='word_1_160' title='bbox 656 2050 854 2129; x_wconf 84' lang='lat' dir='ltr'>congruentia</span> <span class='ocrx_word' id='word_1_161' title='bbox 873 2068 941 2108; x_wconf 89' lang='lat' dir='ltr'>cum</span> <span class='ocrx_word' id='word_1_162' title='bbox 960 2048 1003 2108; x_wconf 90' lang='lat' dir='ltr'>eis</span> <span class='ocrx_word' id='word_1_163' title='bbox 1023 2068 1100 2126; x_wconf 91' lang='lat' dir='ltr'>quae</span> <span class='ocrx_word' id='word_1_164' title='bbox 1122 2068 1200 2110; x_wconf 88' lang='lat' dir='ltr'>nunc</span> 
     </span>
     <span class='ocr_line' id='line_1_21' title="bbox 190 2138 655 2215; baseline 0.004 -18"><span class='ocrx_word' id='word_1_165' title='bbox 190 2157 227 2197; x_wconf 86' lang='lat' dir='ltr'>ex</span> <span class='ocrx_word' id='word_1_166' title='bbox 249 2138 403 2198; x_wconf 88' lang='lat' dir='ltr'>codicibus</span> <span class='ocrx_word' id='word_1_167' title='bbox 427 2139 497 2198; x_wconf 91' lang='lat' dir='ltr'>addi</span> <span class='ocrx_word' id='word_1_168' title='bbox 519 2141 655 2215; x_wconf 90' lang='lat' dir='ltr'>possunt.</span> 
     </span>
    </p>

    <p class='ocr_par' dir='ltr' id='par_1_5' title="bbox 189 2219 1206 3018">
     <span class='ocr_line' id='line_1_22' title="bbox 255 2219 1205 2308; baseline 0.002 -24"><span class='ocrx_word' id='word_1_169' title='bbox 255 2226 294 2285; x_wconf 89' lang='lat' dir='ltr'>In</span> <span class='ocrx_word' id='word_1_170' title='bbox 321 2228 421 2287; x_wconf 90' lang='lat' dir='ltr'>codice</span> <span class='ocrx_word' id='word_1_171' title='bbox 450 2230 553 2287; x_wconf 92' lang='lat' dir='ltr'>autem</span> <span class='ocrx_word' id='word_1_172' title='bbox 579 2227 761 2288; x_wconf 86' lang='lat' dir='ltr'>Vaticano</span> <span class='ocrx_word' id='word_1_173' title='bbox 794 2227 964 2287; x_wconf 90' lang='lat' dir='ltr'>Palatino</span> <span class='ocrx_word' id='word_1_174' title='bbox 999 2228 1063 2286; x_wconf 89' lang='lat'>312</span> <span class='ocrx_word' id='word_1_175' title='bbox 1094 2219 1154 2308; x_wconf 90' lang='lat'>(=</span> <span class='ocrx_word' id='word_1_176' title='bbox 1178 2227 1205 2286; x_wconf 92' lang='lat' dir='ltr'><strong><em>P</em></strong></span> 
     </span>
     <span class='ocr_line' id='line_1_23' title="bbox 190 2307 1199 2397; baseline 0 -21"><span class='ocrx_word' id='word_1_177' title='bbox 190 2334 276 2376; x_wconf 88' lang='lat' dir='ltr'>meae</span> <span class='ocrx_word' id='word_1_178' title='bbox 300 2307 386 2397; x_wconf 83' lang='lat' dir='ltr'>edit.)</span> <span class='ocrx_word' id='word_1_179' title='bbox 408 2316 460 2376; x_wconf 88' lang='lat' dir='ltr'>fol.</span> <span class='ocrx_word' id='word_1_180' title='bbox 482 2318 544 2377; x_wconf 86' lang='lat'>183</span> <span class='ocrx_word' id='word_1_181' title='bbox 563 2338 592 2378; x_wconf 84' lang='lat' dir='ltr'>v.</span> <span class='ocrx_word' id='word_1_182' title='bbox 614 2317 705 2375; x_wconf 91' lang='lat' dir='ltr'>rubre</span> <span class='ocrx_word' id='word_1_183' title='bbox 723 2316 870 2392; x_wconf 86' lang='lat' dir='ltr'>seriptum</span> <span class='ocrx_word' id='word_1_184' title='bbox 889 2320 948 2375; x_wconf 90' lang='lat' dir='ltr'>est:</span> <span class='ocrx_word' id='word_1_185' title='bbox 971 2314 1130 2396; x_wconf 83' lang='grc' dir='ltr'><strong><em>προοίμιον</em></strong></span> <span class='ocrx_word' id='word_1_186' title='bbox 1149 2315 1199 2376; x_wconf 62' lang='grc' dir='ltr'>ίαν</span> 
     </span>
     <span class='ocr_line' id='line_1_24' title="bbox 189 2400 1204 2486; baseline 0 -22"><span class='ocrx_word' id='word_1_187' title='bbox 189 2404 284 2465; x_wconf 80' lang='grc' dir='ltr'><strong><em>οίννου</em></strong></span> <span class='ocrx_word' id='word_1_188' title='bbox 316 2404 489 2486; x_wconf 89' lang='grc' dir='ltr'><strong><em>λαυρεντίου</em></strong></span> <span class='ocrx_word' id='word_1_189' title='bbox 521 2404 615 2465; x_wconf 69' lang='lat' dir='ltr'>todoat</span> <span class='ocrx_word' id='word_1_190' title='bbox 647 2400 849 2482; x_wconf 78' lang='grc' dir='ltr'><strong><em>φιλαδελφίας</em></strong></span> <span class='ocrx_word' id='word_1_191' title='bbox 888 2401 936 2465; x_wconf 65' lang='lat' dir='ltr'>ent</span> <span class='ocrx_word' id='word_1_192' title='bbox 968 2412 1020 2482; x_wconf 75' lang='grc' dir='ltr'>τῆς</span> <span class='ocrx_word' id='word_1_193' title='bbox 1056 2405 1204 2483; x_wconf 79' lang='grc' dir='ltr'><strong><em>βασιλείας</em></strong></span> 
     </span>
     <span class='ocr_line' id='line_1_25' title="bbox 191 2490 1205 2576; baseline 0.002 -24"><span class='ocrx_word' id='word_1_194' title='bbox 191 2491 376 2572; x_wconf 80' lang='grc' dir='ltr'><strong><em>ὑπάρχοντος</em></strong></span> <span class='ocrx_word' id='word_1_195' title='bbox 411 2492 581 2555; x_wconf 83' lang='grc' dir='ltr'><strong><em>ίουστιανοῶ</em></strong></span> <span class='ocrx_word' id='word_1_196' title='bbox 612 2501 665 2554; x_wconf 79' lang='grc' dir='ltr'>τοῦ</span> <span class='ocrx_word' id='word_1_197' title='bbox 696 2492 821 2574; x_wconf 76' lang='grc' dir='ltr'><strong><em>μεγάλου</em></strong></span> <span class='ocrx_word' id='word_1_198' title='bbox 851 2491 902 2553; x_wconf 84' lang='grc' dir='ltr'>καί</span> <span class='ocrx_word' id='word_1_199' title='bbox 929 2490 1110 2553; x_wconf 79' lang='grc' dir='ltr'><strong><em>ἀναστασίου</em></strong></span> <span class='ocrx_word' id='word_1_200' title='bbox 1137 2491 1205 2576; x_wconf 84' lang='grc' dir='ltr'><strong><em>ττερλ</em></strong></span> 
     </span>
     <span class='ocr_line' id='line_1_26' title="bbox 190 2582 1204 2662; baseline 0.001 -22"><span class='ocrx_word' id='word_1_201' title='bbox 190 2583 324 2662; x_wconf 83' lang='grc' dir='ltr'><strong><em>βροντῶν</em></strong></span> <span class='ocrx_word' id='word_1_202' title='bbox 344 2586 374 2642; x_wconf 92' lang='lat' dir='ltr'>et</span> <span class='ocrx_word' id='word_1_203' title='bbox 398 2583 590 2643; x_wconf 90' lang='lat' dir='ltr'>continentur</span> <span class='ocrx_word' id='word_1_204' title='bbox 608 2602 673 2659; x_wconf 87' lang='lat' dir='ltr'>cap.</span> <span class='ocrx_word' id='word_1_205' title='bbox 694 2587 732 2642; x_wconf 91' lang='lat'>21</span> <span class='ocrx_word' id='word_1_206' title='bbox 754 2585 785 2642; x_wconf 94' lang='lat' dir='ltr'>et</span> <span class='ocrx_word' id='word_1_207' title='bbox 804 2585 859 2661; x_wconf 90' lang='lat'>22,</span> <span class='ocrx_word' id='word_1_208' title='bbox 882 2586 950 2642; x_wconf 93' lang='lat' dir='ltr'>tum</span> <span class='ocrx_word' id='word_1_209' title='bbox 968 2582 1134 2657; x_wconf 89' lang='lat' dir='ltr'>praemissa</span> <span class='ocrx_word' id='word_1_210' title='bbox 1158 2583 1204 2641; x_wconf 92' lang='lat' dir='ltr'>in-</span> 
     </span>
     <span class='ocr_line' id='line_1_27' title="bbox 191 2662 1205 2752; baseline 0.002 -23"><span class='ocrx_word' id='word_1_211' title='bbox 191 2671 354 2747; x_wconf 88' lang='lat' dir='ltr'>scriptione</span> <span class='ocrx_word' id='word_1_212' title='bbox 382 2671 598 2751; x_wconf 85' lang='grc' dir='ltr'><strong><em>βροντοσαοττία</em></strong></span> <span class='ocrx_word' id='word_1_213' title='bbox 624 2670 658 2732; x_wconf 77' lang='grc' dir='ltr'>ἐν</span> <span class='ocrx_word' id='word_1_214' title='bbox 685 2679 743 2732; x_wconf 90' lang='grc' dir='ltr'>τῶν</span> <span class='ocrx_word' id='word_1_215' title='bbox 773 2671 912 2748; x_wconf 85' lang='grc' dir='ltr'><strong><em>φωτίου</em></strong></span> <span class='ocrx_word' id='word_1_216' title='bbox 943 2662 1029 2752; x_wconf 81' lang='lat' dir='ltr'>(siat)</span> <span class='ocrx_word' id='word_1_217' title='bbox 1064 2678 1117 2730; x_wconf 80' lang='grc' dir='ltr'>τοῦ</span> <span class='ocrx_word' id='word_1_218' title='bbox 1148 2670 1205 2751; x_wconf 72' lang='grc' dir='ltr'>ῥῶ</span> 
     </span>
     <span class='ocr_line' id='line_1_28' title="bbox 192 2752 1205 2841; baseline 0.002 -23"><span class='ocrx_word' id='word_1_219' title='bbox 192 2758 282 2838; x_wconf 83' lang='grc' dir='ltr'><strong><em>μνίου</em></strong></span> <span class='ocrx_word' id='word_1_220' title='bbox 309 2752 375 2819; x_wconf 84' lang='grc' dir='ltr'><strong><em>κατ’</em></strong></span> <span class='ocrx_word' id='word_1_221' title='bbox 401 2757 558 2841; x_wconf 71' lang='grc' dir='ltr'><strong><em>ἑρμηνείαν</em></strong></span> <span class='ocrx_word' id='word_1_222' title='bbox 586 2758 660 2841; x_wconf 82' lang='grc' dir='ltr'><strong><em>πρὸς</em></strong></span> <span class='ocrx_word' id='word_1_223' title='bbox 689 2758 766 2834; x_wconf 79' lang='grc' dir='ltr'><strong><em>λέξιν</em></strong></span> <span class='ocrx_word' id='word_1_224' title='bbox 794 2759 924 2820; x_wconf 81' lang='grc' dir='ltr'><strong><em>ίτοοίννου</em></strong></span> <span class='ocrx_word' id='word_1_225' title='bbox 952 2759 1127 2841; x_wconf 90' lang='grc' dir='ltr'><strong><em>λαυρεντίου</em></strong></span> <span class='ocrx_word' id='word_1_226' title='bbox 1155 2763 1205 2820; x_wconf 89' lang='grc' dir='ltr'>λυ·</span> 
     </span>
     <span class='ocr_line' id='line_1_29' title="bbox 193 2844 1206 2935; baseline 0 -27"><span class='ocrx_word' id='word_1_227' title='bbox 193 2847 263 2922; x_wconf 66' lang='grc' dir='ltr'>βοῦς</span> <span class='ocrx_word' id='word_1_228' title='bbox 288 2847 361 2926; x_wconf 89' lang='grc' dir='ltr'><strong><em>μηνλ</em></strong></span> <span class='ocrx_word' id='word_1_229' title='bbox 380 2848 540 2935; x_wconf 79' lang='grc' dir='ltr'><strong><em>ίανουαρίρ)</em></strong></span> <span class='ocrx_word' id='word_1_230' title='bbox 562 2847 629 2931; x_wconf 83' lang='grc' dir='ltr'><strong><em>ττερί</em></strong></span> <span class='ocrx_word' id='word_1_231' title='bbox 647 2850 780 2930; x_wconf 85' lang='grc' dir='ltr'><strong><em>βροντῶν</em></strong></span> <span class='ocrx_word' id='word_1_232' title='bbox 798 2846 831 2909; x_wconf 76' lang='grc' dir='ltr'>ἐκ</span> <span class='ocrx_word' id='word_1_233' title='bbox 853 2857 906 2909; x_wconf 81' lang='grc' dir='ltr'>τοῦ</span> <span class='ocrx_word' id='word_1_234' title='bbox 925 2844 1012 2925; x_wconf 77' lang='grc' dir='ltr'><strong><em>ἡλίου</em></strong></span> <span class='ocrx_word' id='word_1_235' title='bbox 1035 2852 1206 2926; x_wconf 91' lang='lat' dir='ltr'>sequuntur</span> 
     </span>
     <span class='ocr_line' id='line_1_30' title="bbox 192 2933 1205 3018; baseline 0.001 -21"><span class='ocrx_word' id='word_1_236' title='bbox 192 2935 258 3014; x_wconf 83' lang='lat' dir='ltr'>cap.</span> <span class='ocrx_word' id='word_1_237' title='bbox 281 2939 411 2998; x_wconf 84' lang='lat'>23—26</span> <span class='ocrx_word' id='word_1_238' title='bbox 442 2940 473 2997; x_wconf 94' lang='lat' dir='ltr'>et</span> <span class='ocrx_word' id='word_1_239' title='bbox 499 2939 550 2998; x_wconf 86' lang='lat' dir='ltr'>fol.</span> <span class='ocrx_word' id='word_1_240' title='bbox 576 2940 639 2999; x_wconf 85' lang='grc'><strong>185</strong></span> <span class='ocrx_word' id='word_1_241' title='bbox 663 2958 686 2997; x_wconf 91' lang='lat' dir='ltr'>r.</span> <span class='ocrx_word' id='word_1_242' title='bbox 714 2938 860 3014; x_wconf 89' lang='lat' dir='ltr'>inscripta</span> <span class='ocrx_word' id='word_1_243' title='bbox 887 2935 954 3017; x_wconf 84' lang='grc' dir='ltr'><strong><em>περί</em></strong></span> <span class='ocrx_word' id='word_1_244' title='bbox 980 2938 1115 3018; x_wconf 90' lang='grc' dir='ltr'><strong><em>βροντῶν</em></strong></span> <span class='ocrx_word' id='word_1_245' title='bbox 1145 2933 1205 2998; x_wconf 77' lang='grc' dir='ltr'>ἀπὸ</span> 
     </span>
    </p>
   </div>
   <div class='ocr_carea' id='block_1_5' title="bbox 191 3122 1208 3692">
    <p class='ocr_par' dir='ltr' id='par_1_6' title="bbox 191 3122 1208 3542">
     <span class='ocr_line' id='line_1_31' title="bbox 264 3122 1205 3195; baseline 0 -17"><span class='ocrx_word' id='word_1_246' title='bbox 264 3126 308 3195; x_wconf 92' lang='grc'>11)</span> <span class='ocrx_word' id='word_1_247' title='bbox 327 3123 358 3178; x_wconf 92' lang='lat' dir='ltr'>in</span> <span class='ocrx_word' id='word_1_248' title='bbox 376 3123 430 3178; x_wconf 91' lang='lat' dir='ltr'>hoc</span> <span class='ocrx_word' id='word_1_249' title='bbox 449 3122 545 3179; x_wconf 89' lang='lat' dir='ltr'>codiee</span> <span class='ocrx_word' id='word_1_250' title='bbox 564 3139 598 3177; x_wconf 89' lang='lat' dir='ltr'>ea</span> <span class='ocrx_word' id='word_1_251' title='bbox 623 3123 784 3179; x_wconf 80' lang='lat' dir='ltr'>dissertatio</span> <span class='ocrx_word' id='word_1_252' title='bbox 804 3123 927 3178; x_wconf 84' lang='lat' dir='ltr'>Cornuto</span> <span class='ocrx_word' id='word_1_253' title='bbox 945 3122 1080 3178; x_wconf 85' lang='lat' dir='ltr'>tribuitur</span> <span class='ocrx_word' id='word_1_254' title='bbox 1098 3124 1205 3179; x_wconf 89' lang='lat' dir='ltr'>idcirco</span> 
     </span>
     <span class='ocr_line' id='line_1_32' title="bbox 191 3193 1208 3266; baseline -0.001 -16"><span class='ocrx_word' id='word_1_255' title='bbox 191 3199 311 3264; x_wconf 88' lang='lat' dir='ltr'>tantum,</span> <span class='ocrx_word' id='word_1_256' title='bbox 331 3196 406 3264; x_wconf 87' lang='lat' dir='ltr'>quod</span> <span class='ocrx_word' id='word_1_257' title='bbox 420 3195 596 3266; x_wconf 79' lang='grc' dir='ltr'><strong><em>φρουνοίτου</em></strong></span> <span class='ocrx_word' id='word_1_258' title='bbox 617 3195 648 3248; x_wconf 76' lang='grc' dir='ltr'>ἐν</span> <span class='ocrx_word' id='word_1_259' title='bbox 661 3204 717 3250; x_wconf 88' lang='grc' dir='ltr'>τῶν</span> <span class='ocrx_word' id='word_1_260' title='bbox 730 3193 968 3266; x_wconf 78' lang='grc' dir='ltr'><strong><em>παραδεδομένων</em></strong></span> <span class='ocrx_word' id='word_1_261' title='bbox 983 3195 1118 3266; x_wconf 75' lang='grc' dir='ltr'><strong><em>ἐπιδρομὴ</em></strong></span> <span class='ocrx_word' id='word_1_262' title='bbox 1133 3195 1208 3250; x_wconf 75' lang='grc' dir='ltr'><strong><em>κατὰ</em></strong></span> 
     </span>
     <span class='ocr_line' id='line_1_33' title="bbox 193 3264 1206 3337; baseline -0.001 -16"><span class='ocrx_word' id='word_1_263' title='bbox 193 3268 245 3335; x_wconf 80' lang='grc' dir='ltr'>τὴν</span> <span class='ocrx_word' id='word_1_264' title='bbox 265 3266 410 3337; x_wconf 78' lang='grc' dir='ltr'><strong><em>ἑλληνιαην</em></strong></span> <span class='ocrx_word' id='word_1_265' title='bbox 428 3264 554 3336; x_wconf 72' lang='grc' dir='ltr'><strong><em>θεωρίαν</em></strong></span> <span class='ocrx_word' id='word_1_266' title='bbox 572 3266 726 3336; x_wconf 89' lang='lat' dir='ltr'>praecedit.</span> <span class='ocrx_word' id='word_1_267' title='bbox 764 3269 887 3321; x_wconf 86' lang='lat' dir='ltr'>ceterum</span> <span class='ocrx_word' id='word_1_268' title='bbox 910 3268 1027 3334; x_wconf 89' lang='lat' dir='ltr'>uterque</span> <span class='ocrx_word' id='word_1_269' title='bbox 1051 3267 1141 3321; x_wconf 86' lang='lat' dir='ltr'>codex</span> <span class='ocrx_word' id='word_1_270' title='bbox 1159 3283 1206 3322; x_wconf 87' lang='lat' dir='ltr'>ex·</span> 
     </span>
     <span class='ocr_line' id='line_1_34' title="bbox 192 3337 1206 3408; baseline 0.002 -17"><span class='ocrx_word' id='word_1_271' title='bbox 192 3338 273 3392; x_wconf 89' lang='lat' dir='ltr'>hibet</span> <span class='ocrx_word' id='word_1_272' title='bbox 291 3355 412 3407; x_wconf 87' lang='lat' dir='ltr'>eaquae</span> <span class='ocrx_word' id='word_1_273' title='bbox 430 3356 457 3408; x_wconf 91' lang='lat' dir='ltr'>p.</span> <span class='ocrx_word' id='word_1_274' title='bbox 472 3343 515 3408; x_wconf 86' lang='lat'>28,</span> <span class='ocrx_word' id='word_1_275' title='bbox 531 3343 638 3407; x_wconf 79' lang='lat'>5-29,</span> <span class='ocrx_word' id='word_1_276' title='bbox 654 3343 685 3392; x_wconf 91' lang='lat'>11</span> <span class='ocrx_word' id='word_1_277' title='bbox 701 3338 841 3407; x_wconf 80' lang='lat' dir='ltr'>leguntur,</span> <span class='ocrx_word' id='word_1_278' title='bbox 862 3337 928 3392; x_wconf 94' lang='lat' dir='ltr'>dein</span> <span class='ocrx_word' id='word_1_279' title='bbox 942 3337 1070 3392; x_wconf 78' lang='lat' dir='ltr'>adnectit</span> <span class='ocrx_word' id='word_1_280' title='bbox 1084 3354 1117 3392; x_wconf 88' lang='lat' dir='ltr'>ea</span> <span class='ocrx_word' id='word_1_281' title='bbox 1132 3352 1206 3407; x_wconf 86' lang='lat' dir='ltr'>quae</span> 
     </span>
     <span class='ocr_line' id='line_1_35' title="bbox 192 3408 1205 3535; baseline 0.002 -73"><span class='ocrx_word' id='word_1_282' title='bbox 192 3414 278 3532; x_wconf 53' lang='lat' dir='ltr'>pdw’</span> <span class='ocrx_word' id='word_1_283' title='bbox 293 3416 383 3534; x_wconf 59' lang='lat'>{8—312.</span> <span class='ocrx_word' id='word_1_284' title='bbox 399 3416 474 3535; x_wconf 47' lang='grc' dir='ltr'>ἓξὲξ</span> <span class='ocrx_word' id='word_1_285' title='bbox 492 3409 598 3491; x_wconf 79' lang='lat' dir='ltr'>scripta</span> <span class='ocrx_word' id='word_1_286' title='bbox 617 3411 690 3479; x_wconf 91' lang='lat' dir='ltr'>sunt,</span> <span class='ocrx_word' id='word_1_287' title='bbox 709 3409 740 3463; x_wconf 91' lang='lat' dir='ltr'>in</span> <span class='ocrx_word' id='word_1_288' title='bbox 757 3409 812 3464; x_wconf 89' lang='lat' dir='ltr'>fine</span> <span class='ocrx_word' id='word_1_289' title='bbox 831 3412 927 3464; x_wconf 89' lang='lat' dir='ltr'>tamen</span> <span class='ocrx_word' id='word_1_290' title='bbox 946 3408 1051 3463; x_wconf 90' lang='lat' dir='ltr'>additis</span> <span class='ocrx_word' id='word_1_291' title='bbox 1072 3408 1112 3463; x_wconf 88' lang='lat' dir='ltr'>eis</span> <span class='ocrx_word' id='word_1_292' title='bbox 1132 3426 1205 3478; x_wconf 88' lang='lat' dir='ltr'>quae</span> 
     </span>
     <span class='ocr_line' id='line_1_36' title="bbox 193 3497 942 3542; baseline 0.013 -10"><span class='ocrx_word' id='word_1_293' title='bbox 193 3497 210 3532; x_wconf 91' lang='lat' dir='ltr'>a</span> <span class='ocrx_word' id='word_1_294' title='bbox 269 3524 274 3534; x_wconf 90' lang='lat'>.</span> <span class='ocrx_word' id='word_1_295' title='bbox 386 3498 403 3535; x_wconf 90' lang='lat' dir='ltr'>a</span> <span class='ocrx_word' id='word_1_296' title='bbox 444 3497 529 3536; x_wconf 82' lang='lat' dir='ltr'>oavr.</span> <span class='ocrx_word' id='word_1_297' title='bbox 766 3505 769 3514; x_wconf 96' lang='lat'>·</span> <span class='ocrx_word' id='word_1_298' title='bbox 937 3530 942 3542; x_wconf 91' lang='lat'>.</span> 
     </span>
    </p>

    <p class='ocr_par' dir='ltr' id='par_1_7' title="bbox 192 3497 1205 3692">
     <span class='ocr_line' id='line_1_37' title="bbox 192 3497 1205 3674; baseline 0.003 -70"><span class='ocrx_word' id='word_1_299' title='bbox 192 3619 223 3674; x_wconf 37' lang='lat' dir='ltr'>F·</span> <span class='ocrx_word' id='word_1_300' title='bbox 247 3497 418 3674; x_wconf 61' lang='lat' dir='ltr'>p112)&#39;quam</span> <span class='ocrx_word' id='word_1_301' title='bbox 440 3568 497 3606; x_wconf 91' lang='lat' dir='ltr'>non</span> <span class='ocrx_word' id='word_1_302' title='bbox 520 3552 619 3606; x_wconf 88' lang='lat' dir='ltr'>debuit</span> <span class='ocrx_word' id='word_1_303' title='bbox 637 3551 765 3607; x_wconf 86' lang='lat' dir='ltr'>Bekkero</span> <span class='ocrx_word' id='word_1_304' title='bbox 784 3551 908 3606; x_wconf 90' lang='lat' dir='ltr'>tribuere</span> <span class='ocrx_word' id='word_1_305' title='bbox 927 3551 1012 3606; x_wconf 89' lang='lat' dir='ltr'>Hertz</span> <span class='ocrx_word' id='word_1_306' title='bbox 1032 3552 1066 3606; x_wconf 89' lang='lat' dir='ltr'>de</span> <span class='ocrx_word' id='word_1_307' title='bbox 1086 3551 1205 3621; x_wconf 79' lang='lat' dir='ltr'>Nigidio</span> 
     </span>
     <span class='ocr_line' id='line_1_38' title="bbox 216 3628 467 3692; baseline 0.012 -19"><span class='ocrx_word' id='word_1_308' title='bbox 216 3638 293 3691; x_wconf 84' lang='lat' dir='ltr'>rguo</span> <span class='ocrx_word' id='word_1_309' title='bbox 312 3641 339 3692; x_wconf 88' lang='lat' dir='ltr'>p.</span> <span class='ocrx_word' id='word_1_310' title='bbox 355 3628 398 3679; x_wconf 82' lang='grc'><strong>41,</strong></span> <span class='ocrx_word' id='word_1_311' title='bbox 466 3646 467 3650; x_wconf 43' lang='grc'><strong>“</strong></span> 
     </span>
    </p>
   </div>
   <div class='ocr_carea' id='block_1_6' title="bbox 0 0 1257 4124">
    <p class='ocr_par' dir='ltr' id='par_1_8' title="bbox 0 0 1257 4124">
     <span class='ocr_line' id='line_1_39' title="bbox 0 0 1257 4124; baseline 0 0"><span class='ocrx_word' id='word_1_312' title='bbox 0 0 1257 4124; x_wconf 95' lang='lat' dir='ltr'> </span> 
     </span>
    </p>
   </div>
   <div class='ocr_carea' id='block_1_7' title="bbox 1241 394 1248 1929">
    <p class='ocr_par' dir='ltr' id='par_1_9' title="bbox 1241 394 1248 1929">
     <span class='ocr_line' id='line_1_40' title="bbox 1241 394 1248 1929; baseline 0 0"><span class='ocrx_word' id='word_1_313' title='bbox 1241 394 1248 1929; x_wconf 95' lang='lat' dir='ltr'> </span> 
     </span>
    </p>
   </div>
  </div>
 </body>
</html>
