2490 4124
102 224 110 239 '
158 249 223 312 100
308 219 313 226 ’
487 247 575 302 mem
592 248 640 302 DE
660 247 832 303 οειωανιε

156 421 237 477 πᾶσι
259 407 321 494 μὲν
342 414 493 476 καθόλου
517 410 718 476 ἀπευκταίαν
741 407 827 476 εἶναι
848 412 909 495 τήν
926 422 994 476 τῶν
1012 424 1168 496 σκηπτῶν

158 519 279 603 φορόν,
301 517 364 583 κᾶν
387 520 417 584 εἰ
439 520 483 603 μή
502 520 604 602 τυχὸν
622 519 810 602 βλάπτοιεν,
834 528 904 595 τοῖς
923 517 952 581 δ’
971 520 1053 605 όναρ
1072 519 1167 585 τουτὶ

123 626 295 710 Βπολσχειν
318 623 576 709 φανταζομένοις
599 625 796 690 αλσιῶτατον
818 622 873 689 καὶ
896 629 1045 711 λαμπρᾶς
1066 627 1167 710 τύχης

158 732 401 818 προμολντευμα.

224 837 276 902 46.
303 836 417 915 ’Ἀξιον
450 834 487 903 δὲ
519 841 651 921 ζητήσαι
683 841 774 916 τίνος
804 838 911 923 χάριν,
930 836 982 902 ε’πλ
1010 834 1071 922 μὲν
1099 850 1167 904 τῶν
1195 865 1209 907 ε

158 946 268 1010 ἄλλων
300 946 500 1029 διοσημειῶν
531 945 592 1027 τήν
624 947 780 1028 σελήνην,
813 942 866 1008 ἐπὶ
894 941 931 1009 δὲ
958 947 1072 1027 μόνων
1098 956 1166 1009 τῶν

157 1062 330 1137 κεραυνῶν
352 1053 412 1116 τὸν
434 1052 548 1135 ήλιον
565 1050 585 1134 ή
605 1050 815 1137 ἀρχαιότης
834 1050 1041 1137 ἐπετήρησεν.
1079 1057 1166 1137 εἴρη-
1181 1080 1223 1119 ειν

158 1181 211 1222 ται
238 1162 355 1223 τοίνυν
381 1161 563 1241 πολλαχοῦ,
592 1157 636 1234 ῶς
658 1158 764 1240 πάσης
786 1166 843 1240 τής
866 1157 1065 1240 ὁποιδήποτε
1088 1181 1166 1240 τυγ-

158 1266 324 1350 χανούσης
346 1270 473 1350 θερμής
496 1265 629 1347 φύσεως
651 1262 707 1327 καὶ
729 1263 836 1349 πυρὸς
854 1267 970 1347 ταμίας
988 1263 1042 1328 καὶ
1062 1269 1168 1341 αἴτιος

158 1373 252 1454 ήλιός
274 1368 355 1455 ἐστι,
379 1369 435 1434 καὶ
458 1371 685 1455 διαφερόντως
707 1369 837 1434 ἐκείνου
860 1378 920 1434 τοῦ
943 1370 1049 1455 πυρὸς
1071 1369 1168 1454 λέγω,
1185 1400 1211 1438 ιο

158 1486 219 1541 τοῦ
246 1475 315 1540 κατ’
343 1475 512 1561 ἐνέργειαν
540 1478 734 1562 δραστικοῦ,
762 1475 817 1541 καὶ
845 1475 881 1541 ε’ν
910 1469 934 1563 ᾇ
963 1476 1123 1560 οὐδεμίαν
1147 1477 1167 1560 ἡ

127 1585 280 1666 Οσελήνη
313 1586 493 1666 μετουσίαν
524 1585 612 1667 ἔχειν
643 1586 804 1666 φαίνεται.
850 1586 885 1646 τί
909 1584 972 1668 γὰρ
1000 1593 1167 1668 κεραυνοῦ

160 1690 424 1776 δραστικώτερον
459 1688 479 1773 ή
511 1687 777 1775 πυρωδέστερον;
815 1688 851 1753 ἐν
883 1681 910 1775 ηδ
941 1690 1083 1772 τοσαύτη
1116 1694 1168 1766 τίς

161 1795 251 1861 ἐστιν
276 1797 296 1880 ή
317 1796 401 1861 ’κατδι
424 1797 530 1880 φύσιν
552 1793 679 1879 ὀξύτης,
703 1796 748 1872 ῶς
769 1791 852 1879 μηδὲ
875 1796 912 1859 δν
936 1806 1029 1880 σῶμα
1050 1818 1168 1861 παντε-

58 1936 65 1947 ·
114 1983 117 1989 ,
160 1907 226 1979 λῶς
256 1901 437 1987 ὑπομένειν
469 1902 584 1978 αὐτόν·
616 1904 700 1967 ὥστε
732 1901 844 1985 ἐπειδή
874 1903 917 1985 μή
945 1904 1051 1986 μόνον
1078 1902 1170 1967 ἐστὶν
1185 1930 1211 1969 15

160 2009 342 2095 ὑγρότητος
366 2008 437 2094 ἔξω,
461 2008 620 2075 ἀλλὰκαὶ
643 2009 749 2092 πόσης
772 2018 829 2092 τής
852 2007 1067 2092 ὁπωσδήποτε
1087 2009 1169 2074 ὑπο-

160 2118 345 2200 πιπτούσης
372 2116 461 2203 αὐτῷ
490 2117 623 2199 φύσεως
651 2116 845 2198 σκεδαστής,
874 2115 977 2198 δήλον
1000 2114 1050 2178 ὅτι
1073 2113 1093 2197 ή
1118 2133 1170 2179 σε-

161 2225 243 2306 λήνη
281 2221 438 2308 ἀλλοτρία
474 2233 647 2307 κεραυνῶν
683 2222 759 2286 ἐστί.
809 2219 864 2285 καὶ
896 2222 958 2306 γδιρ
991 2221 1078 2307 ὑγρὰ
1110 2223 1170 2304 τήν

161 2330 267 2412 φύσιν
290 2326 345 2393 καὶ
368 2326 422 2392 ἐπὶ
444 2337 501 2411 τής
523 2328 628 2414 ὑγρῶς
647 2326 825 2411 τεταγμένη
846 2329 958 2410 ζώνης,
983 2328 1117 2403 εἰκότως
1135 2351 1170 2391 τε

125 2434 201 2499 Dor}
231 2433 398 2518 δυναμένη
423 2435 463 2498 τὰ
490 2434 546 2497 διὰ
573 2445 641 2499 τῶν
667 2443 840 2519 κεραυνῶν
862 2435 1090 2519 προλεγόμενα
1113 2435 1169 2516 δη-
1185 2464 1210 2502 ιο

161 2544 279 2624 λῶσαι,
312 2541 395 2605 ὥστε
425 2541 519 2622 ήλιος
551 2546 656 2617 αλτιος
682 2550 863 2626 κεραυνῶν.
908 2540 1009 2625 ταύτη
1038 2544 1122 2617 Ζεὺς
1151 2542 1169 2606 ὁ

160 2646 260 2722 αὐτὸς
282 2646 337 2711 καὶ
352 2645 469 2723 Ἥλιος
492 2657 562 2723 τοῖς
583 2653 742 2731 μυθικοῖς
764 2644 903 2729 λέγεται,
926 2645 981 2710 καὶ
1002 2649 1168 2732 κεραυνὸν

233 2909 249 2962 1
271 2909 304 2964 ef.
328 2910 430 2964 Mffller
447 2911 554 2965 Etruse.
574 2911 600 2964 Π
617 2931 644 2981 p.
661 2916 711 2963 170
734 2912 743 2980 ΙΙ
765 2910 782 2963 6
801 2918 850 2979 τῆς
868 2909 983 2978 σελήνης
1002 2909 1022 2964 C
1044 2913 1053 2979 ΙΙ
1079 2910 1168 2980 Ι7-11

161 2983 196 3037 cf.
216 2981 333 3036 Ptolem.
352 2982 454 3036 tetrab.
474 2981 521 3036 fol.
542 2982 612 3052 5118
631 2985 771 3052 πολλαχοῦ
790 2982 824 3050 L,
843 2985 985 3051 πολλαχῶς
1000 2981 1069 3050 CV!
1087 2981 1170 3035 ὁπου-

51 3104 55 3109 .
142 3048 267 3121 ’δήποτε
281 3052 351 3107 com'.
366 3053 400 3108 H.
415 3056 424 3123 ΙΙ
438 3053 457 3107 9
470 3054 519 3107 καλ
532 3053 631 3126 πυρὸς]
648 3053 703 3108 κδιν
716 3052 803 3121 πυρὸς
818 3052 861 3122 δή
876 3052 912 3106 17
932 3069 969 3105 an
987 3053 1152 3120 νεφῶσεωςῖ

162 3124 200 3179 18
220 3124 253 3178 ef.
272 3125 389 3179 Ptolem.
408 3124 511 3179 tetrab.
530 3123 578 3178 fol.
596 3129 611 3178 5
631 3128 639 3194 Ιή
655 3125 692 3180 19
705 3125 791 3194 ὑγρῆς
811 3123 916 3193 01120.
936 3122 971 3176 21
992 3124 1109 3192 δηλώσει
1129 3124 1152 3177 0

46 3196 50 3202 ’
161 3195 392 3269 21-μ.101,1
409 3196 443 3250 cf.
462 3194 533 3250 Plin.
551 3195 626 3249 1182
647 3198 711 3251 lutet
726 3197 867 3264 plerosque
884 3212 985 3275 ωαγνιι
999 3197 1067 3249 οαελι
1081 3197 1172 3249 adsec-

161 3270 265 3322 tatione
278 3275 434 3337 couperruru
447 3286 465 3322 ο
480 3270 655 3338 principibus
673 3269 814 3323 doetrinae
831 3269 899 3321 uiris
918 3270 945 3337 (1.
965 3281 988 3320 e.
1007 3265 1172 3335 Babyloniis

161 3337 196 3391 cf.
216 3338 242 3391 ΙΙ
262 3341 322 3407 191)
345 3343 516 3409 superiorum
539 3341 623 3394 trr'uru
640 3341 760 3394 siderum
777 3341 853 3407 ιἠιιιε
870 3354 924 3392 esse
942 3339 990 3406 que'
1008 3339 1117 3392 decidui
1136 3340 1174 3391 αιλ

161 3416 249 3464 terras
271 3412 421 3477 fulminum
438 3427 535 3466 uomere
552 3411 682 3478 habeare,
700 3410 747 3465 sed
764 3411 881 3463 muur'me
899 3425 932 3462 eu
950 3410 993 3462 his
1011 3411 1097 3463 medio
1117 3411 1172 3464 loeo

161 3482 223 3547 siti,
250 3483 375 3548 fortassis
402 3485 532 3552 quereiam
559 3484 714 3551 οοιιιαγλιινι
741 3482 823 3534 ιιιίιιιί
849 3482 951 3534 erueris
977 3497 1011 3534 ere
1035 3483 1173 3549 superiore

161 3552 262 3606 circulo
285 3560 365 3622 etque
386 3554 495 3608 ardoris
513 3571 547 3607 eu
565 3554 681 3607 subiecto
696 3569 747 3622 per
765 3551 837 3606 uere
854 3553 963 3606 ωοόιινι
981 3559 1080 3621 eguerat,
1099 3553 1171 3606 ι’όιο-

155 3638 212 3691 ⁴que
230 3623 332 3678 dictum
350 3625 442 3680 Ιουιοι
460 3625 581 3691 fuluee'uu
598 3625 727 3679 e'aeularr‘.
