2490 4124
182 269 225 334 86
512 269 600 324 LYDI
617 268 666 324 DE
685 268 860 325 OSTENTIS

247 430 306 497 κδ.
330 434 359 497 εἰ
381 435 563 519 βροντήση,
587 434 739 517 διχόνοια
761 435 852 498 ἔσται
873 442 941 497 τῶν
962 434 1125 516 δυνατῶν,
1148 435 1189 498 τά

182 535 219 604 δὲ
242 538 408 624 σκίμματα
430 539 540 604 αὐτῶν
563 538 818 623 ἀναφανήσεται.

118 704 124 717 ,
246 643 300 710 κε’.
329 647 360 712 εί
380 648 562 733 βροντήση,
590 647 703 733 εἰρήνη
727 645 791 710 ἀνὰ
812 647 920 711 πάντα
941 646 1001 710 τὸν
1024 644 1187 710 ε’νιαντόν.

246 749 304 826 uss.
327 753 357 818 εί
378 754 557 840 βροντήση,
580 752 698 818 ἐλπίδα
716 763 853 839 καρπῶν
870 754 1016 837 μεγάλην
1033 750 1089 816 καὶ
1107 752 1188 836 ἀμή-

179 880 247 923 των
270 859 393 924 σπάνιν
415 861 519 943 δηλοῖ.
1215 893 1229 934 ⁵

144 975 169 1029 B
244 962 299 1044 κζ.
323 966 353 1030 εί
375 969 558 1052 βροντήση,
587 968 761 1050 διοσημεία
781 963 968 1052 παράδοξος
991 965 1187 1049 ὀφθήσεται.

245 1070 305 1155 κη’.
328 1073 358 1136 εί
380 1074 558 1158 βροντήση,
583 1072 698 1150 ὅπλοις
721 1072 739 1138 δ
763 1073 866 1156 δῆμος
888 1071 1098 1150 ἀναζῶσεται.

204 1175 207 1180 ’
244 1176 310 1244 κθ’.
334 1180 364 1244 εί
386 1182 565 1266 βροντήση,
589 1178 797 1266 ἐπικρατήσει
820 1179 838 1245 ὁ
863 1177 1011 1265 ζέφυρος.

245 1283 282 1350 λ’.
306 1286 336 1350 εί
358 1287 536 1372 βροντήση,
558 1286 760 1372 πραγμάτων
782 1290 893 1350 καλῶν
916 1285 1085 1373 ίπομβρία.

610 1479 751 1546 ΜΑΙΟΣ
1202 1507 1228 1546 ιο

148 1612 168 1667 0
245 1603 297 1669 38.
325 1602 364 1669 α’.
387 1606 431 1669 Εἰ
452 1607 630 1692 βροντήση,
654 1607 768 1690 φυγήν
789 1613 836 1692 τῷ
859 1606 952 1693 δήμῳ
975 1602 1030 1669 καὶ
1053 1603 1187 1688 ἀτιμίαν

178 1711 199 1774 δ
220 1714 282 1776 λοί.

199 1733 218 1795 η
243 1815 284 1900 β’.
308 1819 338 1884 εί
360 1820 543 1905 βροντήση,
567 1818 665 1902 λιμὸν
688 1792 822 1883 ἀπειλεῖ.

244 1922 283 2008 γ’.
307 1927 337 1990 εί
358 1927 541 2012 βροντήση,
566 1923 758 1990 ἐπείσακτον
781 1924 945 2008 εὐθηνίαν
968 1924 1072 2006 δηλοῖ.

244 2028 282 2097 δ.
310 2034 340 2097 εί
362 2035 544 2119 βροντήση,
573 2032 731 2117 εὔκρατος
753 2030 831 2117 ἀήρ,
853 2028 908 2095 καὶ
932 2031 964 2095 οί
987 2027 1108 2115 καρποὶ
1132 2029 1186 2094 εὐ-
1200 2058 1241 2098 aso

176 2136 279 2221 θηνοδ
302 2141 443 2203 ἔσονται.
1200 2164 1226 2204 16

244 2241 277 2307 ε’.
301 2244 331 2308 εί
352 2246 529 2329 βροντήση,
553 2242 716 2327 ίναλλαγή
739 2253 807 2307 τῶν
828 2247 987 2328 λυπηρῶν
1008 2251 1078 2318 τοῖς
1103 2242 1186 2327 πρά-

142 2366 300 2433 Βγμασιν
328 2353 433 2433 ἔσται,
460 2348 516 2414 καί
542 2353 667 2414 πλείων
693 2350 711 2415 ὁ
735 2359 825 2426 σῖτος
847 2351 929 2434 ήπερ
953 2348 973 2431 ἡ
997 2350 1113 2433 κριθή·
1144 2350 1187 2413 τά

178 2453 216 2522 δὲ
238 2458 360 2542 ὄσπρια
383 2459 601 2542 φθαρήσεται.

244 2560 282 2636 ς’.
305 2563 334 2626 εἰ
356 2565 534 2649 βροντήση,
556 2570 683 2629 θᾶττον
706 2562 848 2646 ἀκμάσαι
861 2560 947 2650 ξτοὺς
965 2564 1112 2647 καρποὺς
1130 2561 1185 2626 καὶ
1200 2590 1227 2630 ιο

179 2675 353 2755 φθαρῆναι
377 2669 481 2752 δηλοῖ.

125 2787 207 2846 152A
245 2773 278 2856 ζ.
302 2776 332 2840 εἰ
349 2777 526 2862 βροντήση,
548 2775 676 2863 ὀρνέων
692 2776 748 2842 καὶ
768 2778 898 2861 ἰχθύων
916 2776 1068 2861 ἀφθονία
1086 2778 1187 2841 ἔσται.

242 2880 282 2967 η’.
305 2883 335 2947 εί
357 2884 539 2968 βροντήση,
564 2882 721 2948 ἀπαίσιον
743 2891 789 2972 τῷ
813 2884 915 2971 δήμφ.
1167 2906 1170 2912 ’

243 2986 288 3055 θ’.
320 2989 350 3054 εί
376 2990 558 3075 βροντήση,
591 2991 711 3073 λοιμὸν
738 2993 905 3074 σημαίνει,
938 2989 1021 3053 ἀλλά
1047 2991 1187 3074 μετρίως

177 3097 401 3165 ἐπικίνδυνον.
1201 3121 1227 3162 25

154 3310 158 3317 ·
249 3290 267 3345 2
285 3287 520 3359 ἀναφανήσονται
534 3289 562 3341 Ρ
572 3287 614 3358 118
633 3287 729 3358 εἰρήνη
749 3305 817 3343 corr.
832 3289 879 3344 H.:
899 3288 1014 3358 εἰρήνην
1029 3289 1062 3355 P,
1077 3304 1131 3342 om.
1148 3287 1188 3360 θή

177 3361 197 3416 4
215 3360 341 3433 μεγάλων
359 3361 387 3413 Ρ
398 3363 407 3430 ΙΙ
420 3359 451 3414 4.
470 3359 489 3414 ὅ
507 3359 621 3430 ἀμήτων
639 3359 727 3415 etiam
745 3360 824 3431 ΡΙΙθ
843 3362 989 3430 διοσημεῖα
1008 3359 1071 3427 (ίΡς
1092 3360 1187 3428 διοση-

177 3430 228 3503 μία
246 3431 317 3488 coni.
336 3431 460 3486 Hercher
475 3439 479 3496 Ι
494 3428 661 3500 παραδόξως
680 3431 756 3501 0119
773 3429 925 3501 πράγματα
943 3429 1029 3485 κακά’
1050 3427 1187 3502 ἐπομβρία

178 3504 233 3574 ΡΙ
258 3521 295 3558 an
323 3501 433 3576 (μετὰ)
459 3501 631 3572 πραγμάτων
657 3500 731 3572 (coll.
755 3521 782 3572 p.
802 3507 848 3571 82,
864 3504 908 3570 9)?
931 3503 940 3572 ή
963 3503 1001 3556 10
1024 3502 1093 3571 μηνὶ
1134 3501 1186 3555 αϊω

177 3574 252 3629 rubr.
274 3575 302 3629 P
321 3576 330 3644 ΙΙ
351 3573 388 3643 11
408 3573 499 3644 αάγὴν
518 3577 547 3643 (α
565 3573 649 3641 rubr.)
668 3573 698 3627 P
714 3574 719 3643 1
739 3570 854 3641 ἀτιμίαν
872 3572 959 3626 etiam
977 3574 1005 3626 P
1019 3575 1029 3644 ΙΙ
1048 3572 1084 3627 17
1108 3521 1188 3627 ίιναλ-

178 3645 248 3715 λαγη
268 3644 355 3699 etiam
373 3646 401 3699 P
417 3641 441 3716 (ἒ
459 3643 533 3697 rubr.
553 3659 622 3699 corr.
642 3659 676 3698 ex
694 3645 723 3711 α)
737 3643 798 3716 1128
816 3641 947 3699 ἀναίτιον
966 3645 990 3700 0
