2490 4124
132 326 136 335 .
167 243 231 307 132
349 256 352 264 ’
494 243 583 298 LYDI
600 243 648 297 DE
668 243 840 300 OSTENTIS

228 404 282 470 κε’.
314 416 353 492 τῇ
384 407 448 492 πρὸ
474 403 498 484 ζ
525 407 696 496 καλενάῶν
723 406 741 471 6
770 411 927 494 σκορπίος
954 409 1082 474 δύεται·
1115 408 1169 473 καὶ

162 512 180 576 6
203 513 295 576 κύων
317 513 494 598 κρύπτεται
517 510 572 577 καὶ
596 512 613 577 6
638 510 690 577 ἐπὶ
713 522 771 597 τῆς
794 516 897 597 ζώνης
918 522 978 578 τοῦ
995 512 1170 600 Ὠρίωνος·

162 620 259 695 νότος
281 642 315 683 τε
338 629 427 684 πνεί·
450 618 534 704 ἀρχή
556 641 591 683 τε
613 622 782 703 παχνήτου
805 618 860 684 καλ
883 623 986 706 ἔαρος.

127 740 152 793 Ι)
229 723 286 799 κς’.
318 736 357 812 τῇ
384 727 448 811 πρὸ
477 723 504 799 ς’
532 726 703 789 καλενόῶν
732 726 845 790 δύεται
873 729 1021 791 καθόλου
1049 727 1070 810 ἡ
1098 728 1171 812 ὑός,

162 832 217 896 καὶ
240 830 336 918 ἀέρος
360 835 450 897 ἔσται
472 834 585 917 τροπή.
1197 860 1209 901 5

228 937 282 1017 κζ.
314 947 353 1023 τῇ
376 939 440 1024 πρὸ
464 935 489 1000 ε’
512 938 683 1002 καλανδῶν
706 940 804 1015 νότος
826 949 993 1004 καταπνεῖ.

229 1041 287 1127 κη’.
319 1053 358 1130 τῇ
381 1044 445 1129 πρὸ
470 1041 499 1107 ἀ
522 1045 693 1108 καλενόῶν
715 1045 767 1110 ύει
791 1044 826 1109 ἐκ
849 1054 909 1109 τοῦ
932 1047 1042 1110 νότου.

109 1160 191 1217 ‘nen
228 1148 293 1214 ee'.
325 1160 364 1236 τῇ
388 1150 452 1235 πρὸ
475 1148 504 1233 γ’
523 1151 693 1215 καλενδῶν
716 1153 747 1216 ot
771 1154 882 1237 ἔριφοι
906 1152 1090 1236 ἀνίσχουσι,
1114 1153 1171 1218 καὶ

167 1254 199 1333 ἐξ
224 1254 366 1338 ἑωθινῆς
389 1255 407 1320 6
430 1259 633 1341 νότοςπνεῖ.

229 1361 266 1426 λ’.
304 1372 342 1447 τῇ
373 1363 437 1447 πρὸ
471 1360 500 1427 α’
532 1364 701 1427 καλενδῶν
737 1366 914 1451 κρύπτεται
951 1364 968 1429 6
1005 1367 1097 1430 κύων
1133 1367 1172 1432 ἐν
1186 1393 1210 1433 ιο

164 1465 298 1553 ἑσπέρα,
325 1465 381 1531 καὶ
407 1470 511 1554 τροπὴ
535 1468 571 1533 ἐκ
594 1478 653 1533 τοῦ
677 1471 792 1534 νότου·
820 1472 886 1554 ἅμα
908 1467 945 1535 66
968 1470 1022 1536 καλ
1044 1475 1172 1560 βορρᾶς

163 1573 321 1659 ταράττει.
393 1579 397 1585 ’

595 1662 736 1728 ΜΑΙΟΣ

230 1788 281 1852 63.
314 1786 351 1853 α’.
379 1786 553 1865 καλένόαις
574 1791 702 1865 Μαΐαις
729 1788 747 1853 6
774 1786 844 1872 μὲν,
863 1791 954 1853 κύων
980 1792 1169 1877 κρύπτεται,

129 1895 286 1981 Βάρόσος
309 1892 346 1960 66
368 1894 591 1980 καταφέρεται.
1118 1970 1120 1975 ,
1183 1922 1208 1962 1⁵

229 2001 268 2085 β’.
301 2012 339 2087 τῇ
358 2004 421 2087 πρὸ
441 2000 469 2075 ς’
483 2013 602 2066 νωνῶν
619 2001 638 2085 ἡ
658 2003 719 2080 ύάς
737 2004 817 2086 μετὰ
835 2012 894 2068 τοῦ
912 2002 1009 2087 ἡλίου
1029 2004 1165 2090 ἀνίσχει.

235 2177 251 2230 1
276 2176 290 2230 6
320 2173 584 2243 σκορπίος-ἔαρος
613 2175 662 2246 (3)]
686 2193 815 2244 praesepe
842 2180 965 2248 emerent:
996 2181 1096 2233 desinit
1122 2198 1168 2235 ver

164 2250 246 2302 Leon.
262 2250 271 2316 Ι]
285 2246 303 2300 2
318 2246 331 2300 6
346 2247 421 2300 κύων
435 2247 502 2316 κτλ]
518 2246 623 2301 Gemin.
639 2253 662 2300 4.
678 2248 749 2300 taur.
760 2274 793 2292 =
805 2253 846 2300 26.
856 2250 922 2317 Apr.
937 2248 965 2318 (i.
981 2265 1004 2304 e.
1019 2249 1168 2319 postndie)

166 2317 326 2388 Εὐκτήμονι
345 2316 420 2370 κύων
439 2317 645 2384 κρύπτεται...
661 2316 776 2390 Εὐδόξῳ
795 2319 870 2373 κύων
888 2319 1043 2390 ἀκρόνυχος
1062 2321 1166 2394 δύνει]

102 2429 108 2439 .
165 2391 213 2444 καὶ
241 2387 392 2455 ό-ἔαρος
415 2391 451 2457 (3)
475 2387 572 2440 addidi
596 2405 630 2442 ex
654 2388 684 2442 F
705 2389 708 2460 ]
734 2389 748 2442 6
772 2384 818 2442 ε’πλ
839 2398 889 2459 τῆς
911 2392 979 2461 κτλ]
1003 2391 1120 2446 Ptolem.
1142 2399 1165 2446 1.

162 2478 277 2531 Peohon
291 2504 324 2521 =
340 2482 381 2531 κύ.
396 2477 460 2544 Apr.
477 2476 503 2546 (i.
523 2493 546 2530 e.
561 2476 707 2546 postridie)
727 2477 785 2550 ὥρᾳ
796 2466 833 2532 αλ
847 2478 879 2535 ς”
896 2478 910 2532 ὁ
925 2477 1005 2548 μέσος
1019 2487 1067 2548 τῆς
1080 2481 1168 2549 ζώνης

162 2557 213 2604 τοῦ
228 2547 359 2615 Ὠρίωνος
377 2548 534 2615 κρύπτεται.
557 2551 567 2618 Ι]
589 2547 607 2601 3
626 2548 701 2618 apud
720 2548 800 2603 ovid.
814 2549 853 2602 IV
868 2555 917 2602 901
937 2567 986 2603 ver
1004 2550 1167 2619 bipertitur3

163 2619 237 2672 unde
252 2617 333 2686 ἔαρος
347 2617 472 2690 <μέσον>
486 2618 556 2672 coni.
568 2619 661 2688 Unger
676 2622 681 2688 Ι
697 2619 766 2681 δυὰς
777 2620 805 2689 C,
820 2620 883 2682 υἱάς
893 2620 924 2673 F
933 2624 942 2690 6
956 2620 973 2674 6
989 2619 1082 2692 ἀέρος]
1097 2625 1168 2677 neris

163 2689 193 2759 (i.
208 2705 231 2744 e.
247 2688 337 2757 ἔαρος)
351 2688 445 2757 Leon,
460 2689 542 2757 εύρου
557 2691 587 2743 F
599 2693 607 2760 Ι]
624 2691 638 2744 7
655 2690 759 2745 Colum.
773 2690 792 2744 l.
807 2710 827 2746 s.
842 2692 915 2744 IIII
924 2694 974 2745 ent.
989 2693 1060 2746 Mei.
1077 2700 1169 2748 nnete

162 2763 218 2830 fere
240 2777 300 2814 enrn
318 2761 424 2828 plenia.
462 2762 495 2814 ef.
514 2761 572 2815 Pol.
593 2761 659 2816 silv.
680 2767 720 2815 28.
740 2762 804 2830 Apr.
828 2764 837 2832 ]Ι
860 2762 877 2816 8
896 2765 925 2815 et
944 2763 961 2817 9
982 2762 1085 2816 Colum.
1106 2763 1124 2818 l.
1146 2783 1167 2820 ε.

162 2834 219 2887 III
228 2833 279 2886 cel.
290 2832 362 2885 Mae.
376 2849 455 2885 rnene
468 2849 553 2899 ταυτα
566 2835 696 2900 exoritur,
710 2835 851 2888 nnstrinns
864 2835 927 2887 dies.
945 2835 949 2902 Ι
967 2833 1103 2888 οῑ-πνεῑ
1116 2837 1167 2906 (9)]

163 2904 203 2958 sio
218 2903 249 2957 F
259 2905 288 2959 et
301 2902 394 2972 Leon,
410 2901 495 2956 ceteri
509 2903 563 2956 huo
577 2904 707 2973 referunt,
725 2920 796 2971 quae
811 2904 848 2957 ed
862 2903 937 2957 diem
950 2910 992 2958 30.
1007 2905 1149 2973 po1tinent
1158 2907 1168 2979 ]]

163 2974 275 3030 10-12
299 2972 403 3029 Colum.
432 2973 450 3028 l.
475 2991 496 3027 s.
521 2977 612 3042 pridie
639 2978 688 3030 eal.
713 2975 786 3029 Mei.
809 2977 887 3030 cenis
908 2993 935 3029 se
956 2993 1061 3044 vespere
1083 2979 1168 3044 eelet;

161 3053 339 3116 tempestatem
365 3047 509 3117 siyne'fient.
536 3047 539 3116 ]
564 3045 896 3114 κρύπτεται-ταράττει
919 3048 986 3117 (11)]
1015 3046 1055 3100 sie
1083 3046 1115 3100 F
1138 3051 1168 3102 et

161 3116 261 3185 Leon,
289 3116 374 3170 eeten'
401 3116 456 3170 huo
483 3116 606 3170 referunt
628 3134 700 3185 quae
723 3117 760 3171 ed
785 3117 859 3170 diem
882 3117 1094 3171 antecedentem
1118 3119 1167 3171 ed-

163 3188 268 3257 seripte
287 3191 359 3242 sunt.
374 3190 383 3257 ΙΙ
398 3185 435 3241 14
453 3187 569 3241 Ptolem.
591 3193 614 3242 7.
628 3189 742 3242 Pachon
756 3215 789 3233 =
805 3195 828 3242 2.
845 3187 911 3242 Mei.
933 3188 960 3258 (i.
976 3204 1000 3242 e.
1018 3188 1167 3258 postridie)

163 3259 221 3334 ὥρᾳ
239 3266 266 3313 ιἐ“
284 3261 359 3313 κύων
377 3259 536 3327 κρύπτεται.
560 3261 569 3329 1]
592 3259 629 3313 16
648 3257 789 3328 ὃρόσος-
801 3258 1001 3330 καταφέρεται]
1022 3259 1117 3329 ἔριφος
1135 3259 1166 3314 δὲ

162 3329 352 3399 ἀναφαίνεται
380 3329 450 3384 coni.
478 3329 586 3384 Merkel
612 3350 639 3400 p.
659 3331 770 3398 LXXH3
800 3331 849 3384 sed
877 3331 910 3385 of.
934 3330 1088 3399 He1tzberg
1106 3330 1124 3385 l.
1145 3349 1166 3386 e.

162 3419 189 3470 p.
205 3408 255 3455 251
276 3402 338 3456 adn.
361 3405 364 3471 Ι
385 3400 429 3473 66]
447 3420 476 3456 τε
498 3402 545 3472 Γ]
561 3400 766 3471 καταφαίνεται
786 3401 808 3455 0
828 3404 837 3471 Ι]
860 3401 897 3455 le
915 3401 986 3456 Plin.
1006 3401 1096 3455 XVIII
1115 3408 1167 3456 248

168 3473 212 3526 VI
220 3491 308 3528 nones
323 3474 419 3528 Mne'ns
434 3473 544 3528 Caesari
557 3476 666 3528 ταινίαι
679 3475 812 3528 rnntnte'no
826 3475 993 3527 emorientur.
1014 3471 1118 3526 Colum.
1131 3478 1166 3526 39

168 3543 212 3596 VI
229 3561 292 3598 non.
317 3545 388 3599 Mei.
417 3547 512 3599 ταινία
535 3562 595 3598 enen
616 3546 669 3599 sole
691 3547 826 3610 exoritur,
848 3546 1067 3612 septentrionales
1084 3547 1165 3599 eente‘.

163 3614 239 3682 apud
258 3614 337 3669 Ovid.
356 3615 381 3668 V
401 3621 450 3670 165
470 3615 593 3684 hyadum
612 3617 688 3669 ortus
706 3613 932 3683 vespertinus.
