2490 4124
336 252 375 307 IN
394 251 627 307 OALENDARIA
646 251 791 306 GRAECA
1032 253 1069 307 LI

14 406 26 534 Ξ
89 411 204 568 ἑομέξᾳω.
222 420 368 568 Kpgelprgo
391 418 505 590 {panuh
517 413 709 567 gerpepwel}
728 421 825 569 ptumo
844 421 1070 570 aristipoaequlz

227 531 246 569 v
323 530 353 567 m
421 532 497 593 ντ,
542 530 642 594 correp
709 530 901 591 αππῳ..
964 531 1018 587 ηε

90 590 186 679 ἐαρινῇ).
232 597 434 657 consideranti
462 532 686 675 igdturQneque
716 598 923 675 Hipparchum
952 532 1069 660 insslioc

87 685 226 746 calendario
240 705 337 764 neque
355 688 454 745 ullum
466 687 639 763 Hipparcho
653 687 849 763 posteriorem
863 689 1070 747 astronomum

85 771 176 834 landari
197 775 393 852 persuadebit
411 776 581 835 Boechhius
604 796 633 852 p.
649 777 758 854 25sq.,
782 794 845 835 esse
868 776 900 834 id
922 778 1068 853 composi·

20 890 35 917 .·
84 863 129 921 tun
146 867 212 923 ante
231 863 439 940 Hipparchum
463 855 496 945 (i.
515 883 539 924 e.
563 869 633 924 ante
656 865 783 924 alteram
805 867 923 941 partem
946 866 1070 924 secundi

14 1014 19 1027 Ι
80 968 98 1008 a.
116 951 175 1013 Chr.
204 945 346 1034 saeculi),
378 972 475 1030 neque
507 956 620 1033 tamen,
641 953 724 1028 prius
755 953 812 1012 fine
840 954 953 1012 saeculi
984 955 1069 1014 tertii

29 1054 37 1061 ·
75 1044 180 1118 propter
212 1044 344 1100 aetatem
374 1042 513 1101 Dosithei
545 1042 726 1118 aliquotiens
762 1043 987 1102 commemorati
1017 1035 1068 1124 (de

87 1148 119 1188 ua
137 1131 240 1189 infra.

74 1149 86 1206 q
123 1121 243 1278 Gemirii
266 1218 403 1277 libellum
428 1221 498 1294 post
521 1219 653 1277 Edonem
677 1218 864 1278 Hildericum
887 1214 1066 1302 Peuvius³)

68 1306 90 1365 in
115 1307 294 1384 uranologio
326 1326 381 1367 suo
412 1306 505 1367 edidit
539 1301 596 1366 ‘ad
625 1310 764 1368 veterum
791 1309 1066 1385 manuscriptorum

65 1395 144 1455 fidem
167 1399 270 1455 exacte
294 1391 501 1474 castigatum'.
535 1395 570 1455 de
594 1397 747 1456 codicibus
770 1397 832 1473 ipse
852 1402 957 1456 narrat
979 1416 1065 1474 prae·

62 1485 106 1546 fat
130 1485 183 1546 for
205 1482 281 1544 IIII:
310 1480 343 1545 ‘e
367 1485 519 1545 codicibus
546 1505 654 1544 unum
681 1503 772 1561 penes
799 1504 853 1544 nos
880 1486 1066 1546 habebamus

61 1573 135 1633 haud
163 1573 238 1632 adeo
265 1577 395 1633 veterem
418 1573 470 1633 sed
498 1577 675 1633 accuratum
697 1593 732 1634 ac
755 1575 901 1650 scriptum
929 1576 1066 1651 inprimis

11 1656 17 1709 *s
60 1663 218 1742 eleganter.
260 1664 356 1722 alter
374 1664 406 1721 in
425 1662 586 1723 Oxoniensi
604 1663 789 1722 bibliotheca
807 1664 966 1740 reperitur,
991 1684 1065 1740 quo·

58 1770 120 1811 cum
139 1751 305 1811 editionem
323 1751 467 1811 Hilderici
485 1751 646 1829 diligenter
665 1751 795 1811 contulit
812 1750 961 1810 Henricus
978 1752 1066 1827 Brig-

57 1841 134 1918 gius,
168 1838 345 1900 Oxoniensis
368 1841 599 1900 mathematicus
628 1884 634 1900 .
659 1886 665 1899 .
690 1886 696 1898 .
720 1884 728 1899 .
755 1839 915 1914 utriusque
947 1858 1002 1916 ope
1030 1858 1065 1899 ac

56 1928 199 1990 beneficio
222 1930 375 1990 variarum
398 1914 562 1988 lectionum
585 1929 752 1986 indiculum
776 1927 959 2004 accepimus,
988 1947 1064 2003 quas

55 2019 157 2095 paucis
183 2018 315 2094 exceptis
342 2018 469 2077 totidem
496 2017 528 2075 in
553 2020 658 2076 nostro
682 2016 781 2077 codice
805 2016 1065 2091 deprehendimus.

56 2107 249 2184 quamobrem
263 2106 407 2184 quicquid
421 2107 453 2164 in
475 2108 578 2165 nostra
600 2106 656 2163 hac
680 2105 811 2164 editione
831 2103 948 2164 Gemini
974 2106 1064 2164 aliter

56 2201 145 2274 atque
164 2196 197 2254 in
220 2195 320 2270 priore
343 2195 513 2272 offenderis,
536 2194 568 2252 id
591 2214 627 2252 ex
646 2194 802 2253 amborum
825 2195 1008 2254 anctoritate
1032 2197 1064 2252 et

55 2302 201 2345 consensu
223 2283 408 2342 inmutatum
431 2301 494 2342 esse
518 2276 620 2342 scias'.

116 2373 153 2432 In
176 2372 334 2449 prcecdosi
355 2372 451 2449 igitur
472 2372 580 2431 horum
603 2373 702 2430 solnm
724 2371 958 2432 Petavianorum
982 2372 1064 2430 codi-

53 2480 118 2522 cum
142 2461 359 2537 discrepantias
386 2461 491 2520 afferre
514 2460 610 2537 potui.
647 2478 727 2519 nunc
752 2461 826 2518 mihi
848 2460 962 2538 insigni
984 2460 1059 2518 libe-

52 2552 174 2610 ralitate
189 2549 395 2626 suppeditavit
405 2547 529 2608 Carolus
543 2548 696 2624 Manitius,
710 2549 860 2624 professor
875 2548 1061 2624 Dresdensis,

54 2640 188 2699 omnium
211 2638 346 2697 codicum
369 2638 545 2715 scripturas,
569 2637 678 2714 quibus
705 2637 793 2696 nixus
815 2638 876 2695 iam
899 2638 931 2696 in
956 2657 991 2697 eo
1015 2642 1063 2698 cst

53 2732 85 2787 ut
108 2727 232 2789 Gemini
252 2726 390 2785 libellum
411 2727 534 2786 tandem
557 2726 719 2803 aliquando
743 2745 779 2785 ex
800 2729 865 2785 arte
890 2729 921 2784 et
942 2727 1062 2787 ratione

53 2819 215 2876 recenseat.
260 2816 324 2891 ipse
347 2835 418 2876 vero
446 2816 573 2874 selectas
601 2818 721 2874 tantum
745 2816 909 2890 scripturas
935 2816 1064 2892 apposui

54 2905 183 2965 duorum
196 2903 412 2963 Vaticanorum
430 2896 505 2985 (V1,
521 2895 590 2984 Ψ),
613 2905 703 2962 unius
717 2903 957 2964 Vindobonensis
977 2895 1062 2985 (W),

55 2993 87 3053 de
111 2993 223 3071 quibus
246 2992 407 3052 Manitium
427 2993 459 3051 in
479 2990 675 3052 Commentat.
694 2993 877 3053 Fleckeisen.
900 3013 929 3068 p.
945 2994 986 3052 95
999 3011 1063 3068 sqq.

55 3083 261 3159 disputantem
292 3081 350 3140 adi.
394 3081 554 3141 Praeterea
585 3082 727 3157 antiquae
760 3082 906 3142 versionis
934 3081 1062 3140 Latinae

56 3170 216 3249 aliquoties
235 3169 359 3228 adhibui
377 3170 529 3240 lectiones,
549 3189 623 3248 quas
643 3171 763 3230 exhibet
776 3171 869 3229 codex
882 3169 1061 3228 Dresdensis
1162 3208 1165 3213 -

56 3251 126 3341 (D),
161 3259 197 3318 de
221 3278 280 3335 quo
303 3259 447 3318 Manitius
474 3260 537 3336 egit
568 3260 600 3318 in
629 3259 815 3318 Fleckeiseni
843 3259 940 3317 annal.
977 3258 1061 3316 1886

125 3484 153 3550 3)
173 3479 247 3535 Scali
268 3496 305 3550 er,
325 3481 360 3534 de
378 3481 485 3534 emend.
500 3483 551 3535 rat.
566 3483 651 3549 temp.
666 3480 704 3534 IV
722 3498 749 3549 p.
765 3485 816 3534 248
827 3497 867 3548 sq.
887 3478 964 3548 (edit.
982 3483 1063 3549 1629)

58 3551 231 3622 παράπηγμα
275 3551 299 3605 ‘c
321 3551 382 3605 illic
404 3568 461 3605 non
484 3568 518 3605 ex
541 3551 669 3605 codicum
692 3550 860 3605 auctoritate
884 3551 934 3604 sed
958 3567 994 3604 ex
1013 3568 1064 3605 suo

59 3622 173 3676 arbitrio
191 3626 331 3677 mutatum
349 3622 484 3677 exhibuit.

868 3711 904 3763 d*
