2490 4124
291 269 332 338 IN
349 269 437 322 LYDI
454 268 593 322 LIBRVM
610 268 658 322 DE
680 267 854 324 OSTEN'PIS
970 269 1074 324 XXVII

56 439 147 499 libris
169 437 306 497 hausisse
330 437 480 514 suspicer3
503 457 573 496 nam
592 456 669 515 quae
688 438 769 514 apud
787 437 906 513 Lydum
925 438 960 497 de
979 457 1071 498 mens.

57 527 162 588 11112
188 526 224 586 de
247 527 321 586 Iano
344 529 514 602 temporum
535 526 672 603 praeside
696 529 727 585 et
749 526 906 585 duodecim
924 527 1072 586 alteribus

59 617 89 676 ei
114 615 298 676 consecratis
328 615 462 692 exponit,
490 633 524 673 ea
552 615 644 674 etiam
671 614 753 691 apud
774 614 941 674 Varronem
968 615 1020 676 lib.
1044 614 1073 672 V

58 725 116 764 rer.
141 704 201 764 div.
224 703 405 782 legebantur
428 695 480 784 (cf.
497 703 627 763 Macrob.
651 706 706 762 sat.
728 704 745 762 I
764 695 826 783 9).“

125 792 306 867 Apuleius
330 791 422 852 etiam
440 793 471 850 in
490 793 588 869 capite
608 795 650 852 54
665 796 919 853 commemoratur
937 792 983 850 his
1003 811 1070 852 ver-

58 882 119 942 bis:
142 877 292 952 Βιιιέλλιος
316 876 331 939 ὁ
351 876 490 959 Ῥωμαῖος
513 877 625 940 ἐκτῶν
652 880 782 961 Τολγητος
804 879 918 960 στίχων,
942 878 1010 962 περὶ
1033 872 1070 941 οὗ

56 969 109 1031 κοιλ
135 962 311 1047 Ἀπουλήιος
339 967 461 1050 ὕστερον
488 973 593 1029 πλατεῖ
615 967 665 1029 noti
692 966 851 1050 ἐλευθέρου
874 967 967 1041 ποδὸς
990 967 1070 1047 ἀφη-

56 1058 171 1140 γήσατο
193 1057 286 1143 λόγῳ,
308 1059 328 1117 i.
346 1077 371 1117 e.
396 1077 464 1117 cum
486 1059 525 1117 ad
543 1059 688 1118 Etruscos
712 1077 875 1136 eorumque
899 1059 991 1119 libros
1011 1060 1069 1119 Pa·

57 1149 177 1227 geticos
186 1166 304 1208 ornnem
313 1146 529 1208 divinationem
538 1147 640 1224 Lydus
649 1148 773 1222 referat,
787 1147 941 1223 scripsisse
958 1148 1070 1207 dicitnr

56 1236 209 1314 Apuleius
233 1236 269 1295 de
292 1235 451 1312 disciplina
472 1236 615 1313 augurali
632 1237 681 1296 vel
705 1236 823 1295 omnino
848 1236 883 1294 de
902 1239 969 1295 arte
993 1236 1069 1297 divi-

56 1325 160 1386 nandi.
218 1324 258 1383 ad
290 1343 360 1382 eum
391 1327 422 1383 et
450 1324 615 1384 Varronem
650 1325 867 1402 Nigidiumque
900 1325 1067 1401 disputatio

57 1405 200 1490 cap.10‘¹
218 1416 291 1472 extr.
315 1404 450 1494 (socerisui
467 1434 534 1471 τινα
552 1412 584 1473 οἷ
602 1410 669 1493 περὶ
690 1411 743 1473 τὸν
761 1408 903 1491 Ῥωμαῖον
925 1412 1070 1493 Βάρρωνα

57 1499 200 1582 Νηίδιόυ
231 1521 261 1561 τε
292 1498 342 1560 aui
370 1493 548 1577 Ἀπουλήιον
579 1494 773 1583 προῦθηκαν)
806 1503 949 1579 refertur,
982 1521 1069 1580 quae,

56 1592 169 1651 hausta
191 1609 246 1667 per
267 1591 408 1648 lacunam
430 1589 541 1649 codicis
565 1589 726 1668 Oaseolini,
755 1611 791 1650 ex
814 1590 966 1650 codicibus
990 1591 1069 1650 Lau-

56 1679 205 1740 rentianis
234 1678 339 1738 addita
371 1681 424 1738 est.
476 1679 541 1738 eius
572 1679 702 1738 maxima
734 1698 804 1756 pars
837 1679 1005 1740 Ptolemaei
1038 1682 1069 1738 et

57 1769 151 1828 Plinii
183 1770 243 1845 est,
275 1770 312 1827 ut
343 1786 397 1827 suo
430 1785 548 1844 semper
577 1769 643 1828 loco
671 1769 820 1828 monitum
851 1771 909 1842 est3
945 1767 1069 1842 Apuleii

57 1855 317 1917 enumerationem
337 1858 531 1916 cometarum
563 1855 749 1916 diversorum
781 1874 926 1933 generum
956 1846 998 1935 (p.
1026 1856 1066 1913 31

56 1968 85 2006 v.
106 1947 210 2021 3-p.
231 1945 272 2004 32
296 1965 325 2004 v.
340 1936 375 2025 5)
406 1963 469 2004 esse
500 1963 535 2004 eo
564 1944 706 2022 efficitur,
737 1944 817 2022 quod
844 1944 969 2002 eandem
995 1940 1070 2002 κατὰ

58 2033 110 2095 τὸν
135 2029 279 2111 Ῥωμαῖον
307 2026 483 2110 Ἀπουλήιον
512 2033 615 2110 Lydus
643 2034 679 2092 dc
702 2032 826 2092 mensib.
852 2031 915 2090 ΠΙΙ
942 2051 1006 2108 cap.
1028 2034 1068 2092 73

56 2123 153 2184 tradit
176 2123 385 2198 diversamque
409 2141 476 2181 eam
497 2122 536 2181 ab
559 2121 734 2181 Aristotelis
758 2121 907 2198 opinione.
939 2121 1069 2198 denique
1122 2121 1125 2124 ⁴

58 2216 106 2272 ter
118 2210 265 2270 laudatur
278 2211 309 2268 in
322 2211 479 2270 narrandis
494 2211 620 2271 ostentis
640 2230 717 2288 quae
732 2210 873 2270 Romanis
895 2210 1070 2270 acciderunt

57 2303 166 2377 cap.4
199 2291 389 2381 (Ἀπουλήιος
416 2297 483 2379 περὶ
514 2306 573 2358 τῶν
596 2299 746 2377 τοιούτων,
773 2300 792 2358 i.
820 2318 844 2358 e.
873 2299 909 2358 de
932 2299 1069 2376 ostentis,

56 2379 198 2470 γράφου)
228 2388 265 2447 de
295 2388 392 2447 tribus
423 2388 536 2447 solibus
565 2388 690 2448 Claudio
718 2388 846 2448 Caesare
876 2388 966 2446 simul
996 2387 1069 2446 visis

57 2478 246 2554 totidemque
275 2477 357 2535 lunis
386 2476 518 2536 Domitio
547 2481 578 2535 et
600 2477 714 2536 Fannio
747 2476 933 2554 consulibus,
964 2479 1067 2552 capi

57 2566 95 2625 de
118 2565 220 2642 lapide
243 2565 282 2624 ad
300 2564 440 2642 Abydum
460 2564 660 2643 Cyzicumque
684 2567 767 2626 caelo
787 2566 923 2643 delapso,
947 2583 1010 2640 cap.
1027 2567 1069 2624 44

58 2647 91 2736 (ὁ
114 2650 204 2733 μέγας
224 2647 415 2733 Ἀπουλήιος)
443 2654 479 2712 de
507 2653 621 2713 Marcia
648 2655 773 2732 gravida
801 2655 927 2712 fulmine
951 2644 1068 2735 icts.²⁵)

59 2761 137 2820 quae
171 2742 273 2802 omnia
303 2745 367 2802 tam
401 2742 439 2800 ad
472 2742 629 2820 ingenium
659 2743 832 2820 philosophi
863 2742 1070 2802 Madaurensis

59 2832 247 2910 magicarum
274 2830 386 2889 artium
413 2831 589 2907 peritissimi
617 2822 794 2912 (Augustin.
819 2850 864 2906 ep.
891 2823 968 2912 138)
998 2833 1068 2890 sunt

58 2921 154 2996 scta,
182 2923 220 2979 ut
246 2918 384 2978 dubitare
413 2938 544 2996 nequeas
572 2919 610 2978 ab
634 2939 669 2980 ec
697 2922 763 2997 ipso
786 2919 888 2979 omnia
911 2937 974 2978 esse
1001 2938 1069 2995 pro-

58 2999 189 3090 fecta.²⁶)
224 3010 359 3067 ceterum
372 3007 437 3067 veri
450 3008 612 3067 admodum
626 3009 722 3068 simile
737 3012 791 3086 est,
806 3008 922 3084 abipso
939 3007 1069 3083 Apuleio

128 3233 175 3300 25)
189 3245 263 3298 quae
278 3227 436 3284 accuratius
450 3231 480 3284 et
494 3228 619 3284 ornatius
633 3229 680 3285 hic
690 3230 826 3300 Apuleius
836 3231 941 3297 narrat,
956 3228 1069 3281 brevem
1103 3279 1104 3282 ,

58 3317 155 3356 eorum
168 3300 341 3355 mentionem
355 3299 443 3355 etiam
455 3299 564 3354 Plinius
582 3301 609 3354 11
627 3307 749 3368 99.100;
770 3306 834 3367 1503
855 3305 904 3352 137
923 3297 1007 3353 facit:
1026 3297 1069 3352 ita

58 3375 90 3426 ut
106 3371 233 3426 Plinium
252 3372 288 3425 ab
307 3370 427 3440 Apuleio
446 3371 608 3425 adhibitum
626 3388 686 3427 esse
705 3373 848 3441 appareat.

127 3447 174 3513 26)
192 3442 228 3497 cf.
248 3441 357 3497 Miller.
376 3441 485 3496 Etrusc.
502 3442 529 3495 11
546 3460 572 3511 p.
588 3448 622 3497 38
647 3446 677 3498 et
694 3441 872 3512 potissimum
891 3439 921 3494 0.
941 3440 1019 3494 Iahn.
1038 3440 1070 3494 in

60 3517 111 3570 act.
131 3513 230 3569 societ.
250 3513 324 3582 Lips.
345 3517 423 3567 1850.
453 3513 479 3566 11
497 3531 524 3582 p.
540 3518 693 3583 284-286,
719 3512 768 3582 qui
794 3512 838 3565 his
864 3527 975 3580 quoque
998 3511 1068 3566 locis

61 3584 134 3640 nisus
152 3583 307 3655 Apuleium
324 3583 406 3653 ponit
423 3583 453 3637 in
475 3600 590 3638 numero
614 3601 710 3639 eorum
731 3585 934 3652 Romanorum,
960 3582 1010 3651 qui
1033 3584 1068 3637 de

61 3657 118 3711 toto
136 3657 205 3712 orbe
225 3654 370 3710 doctrinae
389 3654 567 3724 scripserunt.
