2490 4124
301 263 431 320 NIGIDII
448 263 681 320 TONITRVALE
700 267 733 336 (ι,
753 271 795 321 ει.
815 267 860 336 28)
1045 265 1088 328 65

144 426 205 494 κά.
229 427 288 494 ἐάν
310 430 492 515 βροντήση,
516 427 695 492 ἐλάττωσιν
717 424 779 512 μὲν
802 433 913 511 οἴνου,
937 427 1089 493 ἐπίδοσιν

66 535 111 604 δὲ
139 547 208 600 τῶν
230 537 340 600 άλλων
361 545 498 621 καρπῶν
521 536 617 618 δηλοῖ
640 533 695 599 καὶ
718 534 892 619 ἀφθονίαν
915 536 1053 618 ἰχθύων.

10 673 50 714 ιω
146 640 206 725 κά.
229 641 288 707 ἐάν
309 644 491 729 βροντήση,
516 640 706 728 ἐπίφθορον
730 644 821 709 ἔσται
843 642 880 705 τὸ
905 649 1022 724 καῦμα.

146 747 206 832 κη’.
235 747 293 813 ἐάν
314 751 496 835 βροντήση,
525 749 741 834 εὐφροσύνην
768 747 823 812 καὶ
850 757 961 812 κακῶν
988 746 1089 811 άπαλ-

41 857 188 940 ιλαγὴν
210 848 265 919 καὶ
288 856 398 919 νόσων
422 853 613 938 άφανισμὸν
637 855 741 937 δηλοῖ.

146 960 207 1026 κδ’.
231 959 289 1025 ἐὰν
310 963 493 1046 βροντήση,
516 961 683 1044 εὐθηνίαν
706 963 810 1044 δηλοῖ.
1099 969 1123 1023 D

146 1066 202 1132 κε’.
226 1066 284 1131 ἐάν
301 1068 480 1152 βροντηση,
497 1070 636 1152 πόλεμοι
654 1066 710 1132 καὶ
728 1071 831 1155 μυρία
850 1071 982 1133 ἔσονται
998 1068 1090 1132 κακά.

147 1172 206 1248 κς’.
230 1172 288 1239 ἐάν
304 1175 482 1260 βροντήση,
502 1173 519 1238 ὁ
539 1175 661 1258 χειμὼν
679 1185 749 1251 τοῖς
767 1196 872 1259 καρπο
875 1174 1052 1257 λ-ςέπιβλα
1061 1184 1143 1239 106A

76 1282 142 1365 βὴς
166 1283 266 1345 ἔσται.

36 1416 64 1456 ιο
148 1385 243 1465 κζ’
227 1387 284 1450 εάν
301 1389 479 1473 βροντήση,
498 1388 656 1464 κίνδυνος
676 1390 909 1475 στρατιωτικὸς
927 1399 997 1466 τοῖς
1012 1412 1091 1475 κρα-

76 1502 201 1559 τοῦσιν
223 1495 321 1558 ἔσται.

147 1597 209 1682 κη’.
233 1598 291 1664 ἐὰν
312 1602 491 1686 βροντηση,
515 1600 667 1686 εὐετηρία
691 1603 781 1665 ἔσται
804 1612 871 1665 τῶν
893 1612 1037 1688 καρπῶν.

146 1703 214 1770 κθ’.
237 1705 295 1770 ἐάν
316 1708 498 1792 βροντήση,
521 1708 561 1771 τά
583 1717 641 1790 τῆς
662 1708 836 1789 βασιλίδος
854 1709 981 1783 πόλεως
999 1709 1089 1771 ἔσται

77 1816 263 1900 κρείττονα.

40 1947 64 1988 ιι
147 1917 186 1984 λ’.
211 1918 268 1983 ἐὰν
279 1908 459 2006 βροντήση,
474 1921 558 2006 πρὸς
570 1922 677 2005 βραχὺ
691 1919 839 1996 θάνατος
853 1921 943 1983 ἔσται
959 1920 1122 2002 συχνόςΒ

495 2147 680 2214 ΙΟΤΛΙΟΣ

151 2275 204 2338 28.
236 2273 274 2338 α’.
300 2272 373 2339 Ἐπὶ
400 2284 457 2358 τῆς
485 2278 680 2357 σεληνιακῆς
707 2276 890 2357 νουμηνίας
913 2273 971 2339 ἐάν
993 2276 1093 2360 βρον-

81 2384 181 2467 τήση,
204 2380 348 2463 εὐθηνία
370 2377 431 2464 μὲν
454 2383 559 2464 ἔσται,
585 2390 651 2444 τῶν
675 2377 711 2444 δὲ
734 2381 936 2466 θρεμμάτων
957 2391 1091 2458 πτῶσις.

151 2485 191 2570 β’.
221 2485 279 2551 ἐὰν
300 2489 483 2572 βροντήση,
505 2487 610 2551 καλὸν
632 2494 679 2573 τῷ
703 2487 921 2574 φθινοπώρῳ.

45 2621 71 2662 ιο
152 2591 191 2676 γ’.
220 2591 278 2657 ἐάν
300 2595 482 2678 βροντηση,
505 2603 649 2677 χειμῶνα
670 2595 781 2679 βαρὺν
803 2597 963 2678 σημαίνει.

154 2697 192 2764 δ’.
221 2698 280 2763 ἐάν
301 2702 484 2785 βροντηση,
513 2698 618 2785 ἀέριοι
647 2702 779 2764 ἔσονται
807 2705 959 2786 ταραχαί,
990 2702 1034 2778 ὡς
1062 2698 1125 2778 ἐξΟ

85 2807 199 2872 αὐτῶν
222 2807 344 2870 σπάνιν
367 2804 533 2890 γενέσθαι.

154 2910 188 2977 ε’.
202 2911 275 3006 ιἐάν
297 2914 480 2999 βροντήση,
504 2905 647 2995 εὐθηνία
669 2909 731 2996 μὲν
752 2916 858 2997 σίτου,
881 2915 1040 3000 ἄρχοντος
1059 2910 1096 2976 δὲ

85 3020 221 3104 ἀγαθοῦ
245 3029 368 3095 πτῶσις
391 3021 490 3083 ἔσται.

160 3280 179 3337 4
202 3283 251 3336 καλ
278 3283 343 3336 ουλε
371 3290 466 3336 κακῶν
489 3297 542 3335 om
565 3282 594 3334 P
618 3282 627 3349 ΙΙ
655 3281 673 3337 5
696 3281 746 3336 καὶ
769 3283 834 3334 ante
855 3277 946 3336 νόσων
969 3298 1021 3335 om.
1046 3281 1074 3334 P
1088 3281 1099 3354 ss

87 3353 141 3410 86
162 3370 215 3407 om
234 3354 264 3407 P
278 3355 287 3423 ΙΙ
306 3352 344 3407 10
362 3352 507 3422 στρατικὸς
526 3351 549 3405 0
567 3353 593 3421 ΙΙ
591 3351 637 3405 12
657 3353 737 3422 ελετη
740 3349 798 3423 ola]
817 3351 857 3405 sie
875 3351 962 3406 οῶοω
981 3353 1026 3422 ΡΙ
1042 3360 1097 3407 τῶν

87 3427 156 3480 εωλο
174 3433 291 3494 καρπῶν
309 3441 362 3478 om.
383 3424 407 3478 0
425 3426 435 3493 ΙΙ
459 3423 496 3476 16
515 3424 581 3491 μηνὶ
600 3425 699 3477 Ιοολίω
717 3423 799 3477 mbre
818 3424 847 3477 P
863 3425 872 3492 ΙΙ
891 3423 927 3477 17
945 3422 999 3478 ἐὰν
1017 3425 1098 3506 βρον-

86 3495 197 3620 diog(
187 3497 298 3567 (ποιιβ
281 3497 393 3567 {ioman
384 3493 507 3565 )habet
529 3494 567 3561 P
596 3493 646 3547 sed
673 3478 811 3548 ‹Smittit
803 3511 833 3549 1n
855 3493 970 3620 reliquis
994 3494 1097 3556 mensis

120 3583 190 3621 eus

212 3569 222 3637 11
245 3565 283 3622 18
299 3515 445 3637 ρεύθηνία]
473 3562 621 3631 ἐλευθερία
643 3566 672 3619 Ρ
691 3568 701 3636 ΙΙ
723 3565 800 3620 21
784 3586 865 3630 ως-
873 3562 1008 3636 γενέσθαι
1030 3568 1098 3639 (22)]

88 3654 144 3692 om.
163 3636 213 3707 ΡΙΙ
227 3636 263 3691 22
283 3654 320 3693 an
336 3639 402 3706 post
420 3635 523 3692 σπάνιν
541 3636 703 3691 addendum
721 3640 816 3694 oltov?

145 3736 291 3778 humi»
293 3736 511 3780 maomswh
516 3736 678 3777 u..thEd11
922 3732 938 3779 5
