2490 4124
337 271 379 324 IN
396 269 483 324 LYDI
500 269 641 325 LIBRVM
658 270 707 323 DE
727 269 899 325 CSTENTIS
1048 271 1123 327 XLV

112 440 340 519 ephemeridem
361 439 507 499 rustioem
529 438 686 497 referende
713 457 778 499 esse
805 439 944 516 probavit
967 439 1070 517 Bergk
1092 439 1124 498 in

112 549 179 591 nov.
203 547 283 589 mus.
306 527 401 588 Rhen.
425 527 440 585 I
462 548 491 604 p.
511 529 583 587 370.
626 530 718 604 etque
745 527 778 585 in
801 546 837 586 ee
861 528 1047 603 ephemeride
1070 548 1124 604 po·

113 619 214 678 tuitne
239 617 361 678 omnino
384 615 481 675 Varro
509 616 592 674 eliud
619 634 785 692 proponere
808 616 1012 675 calendarium
1035 635 1126 693 quem

114 706 234 767 Eudoxi
267 703 429 765 Italicum?
478 705 625 782 siquidem
654 705 686 762 id
715 708 752 764 ut
779 705 892 763 feceret
925 707 1048 764 oosotus
1079 707 1124 763 est

115 795 297 872 Columella,
330 795 401 867 quio
432 795 527 852 sodor
559 797 601 853 est
628 795 686 852 ieta
714 797 796 852 oeteo
824 794 960 868 eorioolis
992 797 1126 867 concepto

115 886 221 958 opinio.
268 883 396 960 denique
423 882 506 940 haud
531 901 599 941 rsro
628 883 810 941 concordent
836 883 916 941 inter
943 900 975 941 se
1003 880 1125 941 Clodius

116 976 145 1033 et
167 970 311 1049 Ovidius,
338 990 428 1049 quem
456 990 492 1029 ex
515 971 619 1030 eodem
646 971 729 1030 fonte
758 973 848 1047 etque
872 970 1071 1030 Columellam
1095 972 1126 1029 et
1172 976 1178 987 ⁴

117 1080 151 1121 oo
173 1061 295 1120 diverso
319 1059 357 1118 eb
380 1059 588 1120 observatione
607 1057 744 1118 Caesaris
768 1051 832 1139 (eui
850 1077 972 1135 prorsus
991 1078 1023 1119 se
1042 1059 1126 1118 dedit

115 1149 232 1209 Plinius
249 1147 353 1208 XVIII
372 1139 428 1230 57)
447 1148 594 1226 hausisse,
618 1148 842 1224 computatione
861 1148 1003 1207 institute
1022 1148 1126 1208 doeuit

115 1239 264 1315 Idelerus,
292 1238 325 1295 in
354 1236 565 1296 dissertatione
595 1236 709 1296 inserts
740 1236 816 1295 sotis
844 1237 976 1297 eosdem.
1026 1237 1124 1296 Berol.

118 1327 319 1389 1822.1823
342 1345 371 1402 p.
389 1327 505 1402 137sq.
533 1327 604 1384 sido
627 1327 684 1384 ders
702 1325 945 1384 astronoorieoheo
970 1325 1053 1383 Theti
1076 1326 1128 1384 der

116 1415 202 1475 Fasti
224 1415 276 1474 dee
299 1413 381 1474 Ovio.

179 1504 333 1563 Aesurete
350 1505 453 1561 eutem
472 1503 586 1577 omnis,
608 1521 685 1580 ques
705 1500 828 1562 Clodius
849 1501 1018 1562 Columella
1029 1501 1126 1562 Varro

118 1591 252 1670 Ovidius,
275 1594 434 1668 praetereo
451 1591 603 1649 Polemius
629 1591 743 1652 Silvius
762 1593 792 1650 et
809 1591 919 1649 Aetius
942 1582 995 1671 (de
1015 1591 1126 1668 quibus

117 1681 181 1741 vide
212 1681 294 1738 infra
324 1680 356 1738 in
382 1680 496 1756 proleg.
521 1679 634 1739 oslend.
665 1673 733 1759 Cr.)
762 1680 932 1740 eommunis
961 1680 1127 1756 proferunt,

117 1769 322 1830 consideranti
344 1770 377 1828 et
394 1768 474 1827 inter
496 1786 528 1827 se
551 1769 716 1828 conferenti
738 1768 909 1845 apparebit,
933 1767 1049 1844 opinor,
1066 1786 1128 1825 une

119 1858 282 1935 memque
306 1875 408 1916 omnes
432 1856 489 1915 niti
506 1857 701 1934 austeritate,
725 1857 777 1916 sed
795 1856 916 1916 diverse
940 1873 976 1913 ee
1000 1855 1128 1914 adestis

118 1947 259 2023 Iulianis,
286 1946 332 2004 its
359 1948 474 2021 tamen,
502 1948 538 2004 ut
563 1947 677 2021 passim
703 1963 758 2022 pro
786 1944 912 2004 arbitrio
939 1944 989 2004 vel
1015 1943 1127 2003 iudicio

119 2035 273 2110 adderent,
288 2033 473 2112 omitterent,
491 2037 653 2093 mutarent.
686 2033 851 2094 eommunis
864 2050 937 2093 vero
950 2033 1010 2092 ista
1024 2035 1128 2092 sueto·

118 2125 192 2184 sites
223 2141 302 2201 ques
329 2125 433 2199 potest
460 2140 524 2181 esse
551 2118 611 2182 nisi
635 2122 838 2181 calendarium
859 2124 948 2182 vetus
971 2122 1127 2200 rusticum,

69 2219 73 2229 “
119 2212 198 2290 quod
221 2211 316 2272 etism
334 2210 372 2270 sb
386 2211 556 2271 hominibus
573 2211 718 2270 litteratis
733 2210 771 2269 ed
785 2208 889 2271 doots's
903 2210 1128 2288 disquisitiones

118 2302 202 2361 velut
225 2319 245 2359 e
262 2300 398 2359 Varrone
420 2300 453 2358 in
475 2302 582 2360 ootsvo
601 2300 821 2376 antiquitatum
838 2317 940 2358 rerum
958 2299 1129 2360 diuinarum

119 2389 194 2449 h‘bro
208 2389 248 2448 de
261 2379 390 2470 feriis⁶⁹)
405 2388 574 2448 adhibitum
593 2407 657 2448 esse
671 2387 809 2448 constet?
840 2388 955 2448 sooedit
967 2390 1129 2465 postremo,

120 2477 200 2556 quod
217 2496 309 2554 seepe
331 2495 401 2536 oum
423 2475 528 2537 Clodio
552 2480 724 2556 congruunt
746 2477 890 2536 Eudoxus
910 2479 941 2536 et
959 2477 1128 2537 Euctemon

121 2560 153 2647 (i
180 2585 206 2627 e.
231 2557 365 2647 Meton),
400 2566 549 2643 siqnidem
578 2569 627 2626 set
659 2570 740 2626 reete
773 2585 877 2626 eorum
908 2566 1079 2626 notationes
1111 2585 1129 2625 a

121 2653 380 2715 Pseudo-Gemino
398 2657 535 2715 servatos
554 2655 681 2733 contuli,
704 2655 823 2715 Eudoxi
846 2657 877 2714 et
895 2654 1023 2714 Metonis
1042 2655 1130 2714 festis

120 2744 282 2804 fundatum
304 2746 351 2803 est
373 2743 580 2802 calendarium
603 2743 684 2820 quod
707 2744 769 2802 dixi
790 2744 952 2820 rusticum
975 2747 1080 2803 eontra
1098 2743 1130 2801 id

122 2831 201 2910 quod
231 2832 445 2910 gravissimum
477 2835 524 2891 est
554 2831 634 2892 inter
663 2831 834 2892 notationes
864 2830 963 2891 Clodii
995 2834 1026 2891 et
1056 2831 1130 2890 Iulii

122 2919 259 2980 Caesaris
282 2912 315 3002 (e.
336 2919 436 2980 Plinio
459 2922 480 2979 l.
498 2939 520 2981 s.
541 2920 688 2980 exhibitas
707 2912 772 3003 ess)
796 2920 859 2980 fere
881 2939 1038 2998 nunquam
1060 2938 1129 2979 eon-

122 3011 212 3071 venit.

183 3097 223 3157 Id
244 3114 317 3157 sene
339 3098 438 3175 primo
461 3097 571 3158 obtutu
594 3103 732 3176 apparet,
756 3116 792 3158 ex
815 3096 941 3159 diversis
964 3098 1129 3156 multorum

190 3286 235 3355 69)
259 3282 295 3338 of.
318 3281 474 3338 Mommsen
497 3283 623 3339 chronol.
644 3283 761 3340 Roman.
786 3303 812 3353 p.
833 3288 875 3339 69.
914 3283 989 3352 apud
1007 3280 1131 3336 Plinium

124 3352 210 3410 XVIII
228 3359 282 3410 284
301 3357 330 3408 et
348 3361 400 3410 286
419 3354 496 3423 quod
513 3354 599 3409 trium
617 3354 726 3410 dierum
745 3354 870 3424 spatium
887 3353 961 3408 intes
978 3352 1130 3423 Robigalia

125 3427 173 3506 φῦ.
234 3424 290 3496 rii.)
309 3428 339 3481 et
356 3425 481 3480 Floralia
499 3429 552 3497 (28.
566 3426 668 3498 April.)
690 3425 888 3496 interpositum
907 3427 957 3494 est,
979 3440 1077 3479 vereor
1094 3442 1130 3478 ne

125 3496 152 3549 sd
169 3497 205 3552 de
257 3500 309 3551 tur
325 3513 376 3567 per
388 3496 476 3551 Plinii
489 3496 632 3566 quendem
646 3495 838 3552 confusionem
852 3495 978 3550 Caesaris
993 3495 1129 3550 festorum

127 3567 300 3638 correctioni,
325 3584 359 3622 ex
382 3585 439 3636 que
461 3566 535 3622 inter
558 3574 601 3624 25.
621 3572 650 3623 et
673 3574 715 3623 28.
741 3569 766 3623 d.
786 3586 822 3622 m.
845 3568 871 3621 A
890 3565 950 3620 rilis
976 3567 1131 3637 priscorum

126 3636 258 3694 ustorum
271 3657 343 3693 unus
358 3639 417 3693 dies
436 3638 599 3694 interiectus
619 3642 662 3694 est
676 3644 728 3710 (26.
743 3638 847 3708 Aprilis
874 3640 998 3693 ustorum
1011 3636 1130 3707 Iulian).
