2490 4124
59 242 62 249 ·
93 219 139 282 40
426 215 513 270 LYDI
530 215 578 270 DE
598 214 772 270 OSTENTIS

97 378 150 445 ἐπὶ
177 380 237 444 τὸν
263 359 432 462 γαλαξίαν
446 375 539 465 (οὐδὲ
562 379 625 464 γάρ
648 379 731 463 πρὸς
755 372 917 453 άνατὸλδις
938 373 1023 463 ὑπὲρ
1048 377 1104 452 τὰς

97 485 177 552 ἑπτά
208 489 389 571 φανήσεται
416 484 554 570 ήμεῙρας
582 484 599 549 ὁ
628 484 794 568 τοιοῦ]τος
822 479 955 569 ἀστήρ),
987 485 1106 568 χρόνια

96 595 137 658 τά
159 594 251 676 κακά,
273 576 356 678 πρὸς
378 594 507 678 βραχὺν
530 587 567 655 δέ
589 593 717 677 καιρόν,
741 588 922 675 ἐπίκαιρ[α]
942 594 1105 674 σημαίνει.

43 799 109 853 5οΑ
406 784 624 850 ΚΟΜΗΤΗΣ
646 783 799 856 ΞΙΦΙΑΣ
832 793 835 798 ’

167 911 215 974 13.
241 905 347 987 Οὗτος
370 911 388 976 ὁ
412 909 513 995 ἀστήρ
537 907 737 995 άναφέρεται
758 906 819 993 μὲν
834 907 946 994 Ἑρμῇ,
970 909 1032 992 οὐχ
1051 910 1106 992 ήτ-
1134 937 1147 978 ι

96 1042 196 1096 τονας
223 1015 260 1083 δὲ
287 1027 346 1081 τοῦ
370 1015 548 1102 προτέρου,
576 1014 775 1101 δολιωτέρας
797 1014 910 1100 μέντοι
934 1017 991 1091 τάς
1015 1014 1107 1102 ἐνερ-

99 1128 189 1209 γείας
214 1134 311 1189 ποιεῖ.
357 1123 436 1186 ὅταν
463 1118 524 1206 μὲν
551 1123 613 1208 γάρ
643 1121 695 1186 ἐπὶ
717 1124 779 1206 τήν
802 1121 967 1205 ἀνατολήν
989 1119 1108 1206 βλέπη,
1122 1153 1151 1193 ru

98 1231 131 1295 οἱ
164 1226 301 1294 δυνατοὶ
329 1232 471 1314 Περσῶν
499 1227 554 1292 καὶ
582 1230 761 1292 Λίθιόπων
787 1231 867 1305 τοὺς
893 1226 1020 1292 ἑαυτῶν
1049 1230 1108 1310 βα-

100 1340 202 1412 σιλεῖς
238 1335 399 1421 φαρμάκῳ
432 1335 671 1420 διαφθεροῦσι·
711 1336 749 1398 τὸ
783 1334 862 1398 αὐτὸ
895 1331 932 1398 δὲ
964 1332 1019 1398 καὶ
1054 1331 1109 1398 ἐπὶ

101 1446 261 1524 Φοινίκης
282 1443 366 1527 πρός
388 1463 489 1504 τινων
511 1449 571 1504 τοῦ
594 1442 748 1523 πλήθους
769 1441 851 1504 κατά
873 1450 939 1503 τῶν
963 1439 1000 1504 ἐν
1019 1439 1109 1505 τέλει
1124 1473 1150 1512 10

100 1547 376 1632 ἁμαρτηθήσεται.
422 1556 527 1630 φήμαι
556 1542 593 1610 δέ
621 1549 753 1611 ἔσονται
781 1546 843 1610 οὐκ
871 1545 1024 1629 άληθεῖς,
1058 1547 1109 1611 ἐκ-

65 1656 313 1738 Βδειματοῦσαι
344 1655 423 1729 τοὺς
455 1652 652 1736 ἁπανταχοῦ.
699 1654 728 1716 εί
756 1650 793 1716 δὲ
822 1651 875 1717 ἐπὶ
902 1655 1110 1739 μεσημβρίας

101 1761 245 1845 άνίσχοι,
273 1761 471 1844 Αἰγυπτίοις
496 1757 552 1823 κοιλ
576 1769 647 1835 τοῖς
671 1760 784 1835 άλλοις
808 1761 969 1841 Λιβυκοῑς
992 1763 1111 1826 ἐθνεσι

101 1867 392 1944 δόλουςῶσαύτως
405 1867 664 1951 θανατηφόρους
679 1863 838 1951 ἐπιφέρει,
857 1863 912 1929 καλ
926 1867 1110 1949 Αἰγύπτιοι

100 1970 162 2057 μὲν
177 1972 291 2050 ἕξουσι
309 1974 495 2057 μεταβολήν
512 1982 579 2035 τῶν
597 1982 717 2055 κακῶν,
736 1973 859 2054 Λίβυες
878 1968 915 2036 δὲ
932 1971 1111 2057 ἐμφυλίοις
1127 2007 1151 2048 u

46 2079 276 2164 οκΑπολέμοις
296 2081 597 2163 δαπανηθήσονται.
635 2077 687 2142 ὅτε
707 2074 743 2142 δὲ
762 2075 815 2142 ἐπὶ
833 2079 894 2160 τήν
916 2079 1016 2144 δύσιν
1035 2081 1111 2168 ὁρᾷ,

100 2196 171 2263 τοῖς
194 2184 297 2250 ἐκεῖσε
321 2187 476 2261 δυνατοῖς
499 2185 538 2248 τά
557 2184 655 2267 ὅμοια
674 2183 809 2267 άπειλεῖ,
833 2184 877 2260 ῶς
896 2182 928 2261 ἐξ
947 2187 1111 2266 ὑπονοίας

101 2290 169 2355 κατ’
198 2291 350 2375 ἀλλήλων
378 2289 588 2375 ἐξενεχθῆναι
612 2292 659 2367 είς
683 2292 831 2376 φανερὸν
853 2294 1008 2376 πόλεμον.
1056 2295 1111 2360 ὅτε

103 2393 140 2461 δέ
163 2396 215 2462 ἐπὶ
238 2398 299 2480 τήν
321 2398 443 2482 άρκτον
466 2396 538 2483 δρᾷ,
562 2394 727 2480 ἐπιμιξίαν
751 2398 847 2480 δηλοῖ
865 2407 932 2461 τῶν
951 2398 1112 2486 άρκτςόων

101 2501 157 2568 καὶ
175 2505 333 2584 Λιβυκῶν
357 2502 478 2587 ἐθνῶν,
501 2504 584 2567 ὥστε
606 2502 777 2588 θυγατέρα
795 2507 921 2586 Λίβυος
940 2506 1111 2573 δυνάστου
1128 2542 1151 2581 2<

176 2729 192 2783 1
218 2728 283 2784 οὐδὲ
311 2747 398 2799 usque
427 2732 463 2785 ad
491 2731 577 2799 ἀστήρ
601 2735 639 2802 (2)
661 2735 808 2800 tamquam
830 2731 1113 2802 interpretamentum

104 2799 224 2855 exclusit
246 2799 370 2854 Riessius
396 2802 414 2856 l.
438 2821 473 2870 s.;
500 2803 603 2856 rectius
627 2802 664 2856 ad
686 2802 775 2872 ipsius
798 2802 870 2873 Lydi
894 2803 1113 2874 explicationem
1132 2831 1136 2838 ·

104 2871 247 2926 rettuleris
264 2874 268 2942 1
285 2870 363 2944 οὐδὲ]
382 2872 468 2927 ἐστὶν·
489 2875 514 2927 εἰ
532 2875 568 2944 (εἰ
585 2874 670 2943 rubr.)
690 2875 733 2939 Μ,
753 2874 778 2928 εἰ
795 2875 829 2927 Ν
839 2874 879 2944 ΗΛ
898 2874 1003 2946 ἡμέρας
1022 2876 1036 2930 ὁ
1055 2897 1112 2932 τοι-

105 2952 186 3006 οῦτος
207 2941 306 3013 ἀστήρ]
331 2943 461 2998 ἐπιπλέον
484 2941 535 2999 οὖν
558 2943 597 2999 διν
620 2945 668 3012 Μ,
695 2953 820 3008 τοιοῦτος
847 2945 900 3014 γὰρ
926 2946 1031 3017 ἡμέρας
1055 2950 1090 3003 Ν
1103 2950 1113 3022 j}

105 3015 230 3087 θβραχθ
255 3015 328 3068 MN
349 3020 353 3083 Ι
376 3015 668 3139 καιρὸν-σημαίνερὶ]
693 3015 738 3069 ἐπ’
767 3016 880 3070 ἔλαττον
898 3019 936 3070 Μ
954 3020 958 3088 λ
980 3016 1113 3088 ἐπίκαιρα

105 3103 159 3140 om.
179 3087 213 3140 N
222 3084 263 3156 114
281 3085 347 3139 hinc
366 3085 468 3140 iterum
485 3087 539 3142 ine.
558 3088 588 3140 D
607 3087 646 3157 (vi
667 3103 682 3142 e
700 3106 727 3156 p.
742 3092 784 3156 39,
801 3093 826 3156 7)
844 3090 848 3157 Ι
865 3089 985 3157 κομήτης
1004 3091 1112 3163 ξιφίας]

104 3158 170 3225 περὶ
189 3154 283 3226 ξιφίου
303 3158 340 3210 M
357 3157 402 3226 115
426 3154 506 3219 οὗτος
529 3157 543 3212 ὁ
567 3158 666 3230 ἀστήρ]
690 3159 705 3211 δ
728 3156 760 3212 δέ
782 3178 812 3228 ηε
836 3159 932 3228 ξιφίας
955 3160 993 3214 Μ
1006 3163 1010 3232 Ι
1028 3161 1113 3231 ἑρμοῶ

105 3229 181 3282 ΜΝ
193 3231 197 3300 Ι
212 3227 330 3298 ἥττονας
344 3229 414 3284 coni,
425 3229 548 3283 Hercher
560 3246 611 3298 pro
626 3226 709 3296 ήττον
722 3232 731 3299 ΙΙ
745 3230 763 3283 6
778 3229 872 3299 μέντοι
883 3231 946 3300 01),
960 3249 1012 3286 om.
1024 3233 1099 3287 MN
1107 3234 1111 3306 Ι

104 3298 156 3362 τὰς
174 3317 227 3355 om.
247 3299 271 3353 O
290 3302 300 3370 Ιή
324 3301 338 3353 7
363 3310 444 3355 ποιεῖ.
469 3299 536 3355 ὅταν
560 3300 658 3370 scripsi
680 3317 731 3369 pro
749 3309 877 3356 ποιεῖται.
899 3299 935 3354 διν
958 3305 1051 3373 (ποιεῖ.
1077 3303 1113 3359 δν

106 3370 178 3425 coni.
193 3371 325 3440 Hereher)
343 3374 352 3440 ή
374 3372 391 3425 9
411 3374 600 3442 διαφθεροῦσι
618 3373 656 3439 D,
676 3374 878 3439 διαφθειρουσι
897 3373 925 3439 0,
945 3375 1114 3442 διαφεροῦσι

107 3442 155 3508 Μ,
183 3444 400 3512 διαφθειροῶσιν
420 3443 453 3498 Ν
474 3446 482 3512 ΙΙ
507 3443 545 3497 10
568 3442 638 3511 πρός
659 3443 756 3514 τινων]
779 3440 950 3511 προστείνιον
973 3445 1012 3498 Μ
1034 3447 1038 3517 ί
1062 3455 1113 3500 τοῦ

106 3511 234 3578 πλήθους
252 3513 282 3566 D
288 3555 452 3582 ........
469 3533 517 3576 ους
536 3514 568 3582 0,
591 3513 623 3566 τὸ
646 3512 741 3576 πάθος
760 3514 831 3568 ΜΝ
852 3517 861 3584 11
885 3515 921 3569 12
940 3519 1113 3590 μεσημβρίαν

106 3583 180 3636 DM
183 3584 216 3636 N
225 3585 235 3651 ΙΙ
249 3582 286 3636 16
305 3580 373 3638 ὅταν
392 3585 421 3637 D
435 3587 444 3653 ή
459 3584 496 3638 19
515 3582 641 3652 άρκιόων
659 3584 689 3636 D
