2490 4124
123 258 211 312 XLVI
490 257 765 314 PROLEGOMENA

124 430 321 503 parapegmat
322 427 347 486 is
350 419 470 503 ⁷⁰)male
483 429 646 487 conflatum
654 428 783 485 essehoc
795 428 1009 505 calendarium,
1018 431 1141 490 omissis

126 514 247 617 quidem
276 534 392 591 semper
422 519 579 574 auctorum
606 515 843 575 nominibus—
874 536 1003 592 quorum
1033 519 1143 596 Lydus

127 605 191 680 ipse
223 604 254 662 in
287 604 344 662 fine
378 609 534 664 enumerat
567 604 736 680 anteposito
760 603 886 664 Eudoxo
918 605 1141 685 Democritum,

122 692 297 769 Varronem,
321 692 536 770 Hipparchum,
555 694 768 768 Metrodorum,
792 691 950 752 Caesarem
968 727 1026 772 —,
1047 714 1142 773 saepo

122 783 171 842 vel
195 782 381 841 diversorum
401 785 485 840 ortus
505 800 664 841 occasusve
685 799 829 858 generum
847 781 1137 862 significationibus;

121 871 202 929 baud
220 888 288 929 raro
308 870 400 928 etiam
418 871 496 929 male
515 870 666 946 vertendo,
690 870 900 948 contrahendo,
920 872 1136 932 confundendo

121 959 240 1034 Lydum
263 976 377 1017 errores
402 959 592 1017 commisisse.
638 959 753 1017 Tamen
781 959 914 1018 omnium
938 978 1016 1034 quae
1042 980 1136 1036 snpra

120 1047 209 1122 posui
236 1050 483 1124 argumentorum
510 1047 670 1106 coniuncta
698 1047 731 1106 vi
759 1046 791 1106 id
817 1050 898 1106 certe
927 1048 1070 1108 effectum
1093 1051 1133 1109 iri

119 1154 214 1211 spero,
242 1154 279 1194 ne
306 1153 430 1211 prorsus
458 1135 570 1195 absona
592 1135 733 1196 videatur
763 1154 810 1209 ea,
842 1154 933 1212 qnam
956 1155 1049 1213 supra
1071 1139 1134 1197 tuli

121 1224 157 1282 de
177 1222 274 1283 Clodii
293 1225 476 1301 calendario,
500 1225 655 1283 sententia.
664 1216 702 1305 71)
727 1223 924 1284 confidentius
944 1244 1014 1285 vero
1036 1227 1072 1285 de
1097 1246 1136 1286 ea

120 1332 152 1372 re
166 1316 203 1371 ut
216 1313 301 1389 loqui
319 1313 422 1390 liccat,
442 1331 517 1389 opus
537 1316 583 1372 est
597 1313 801 1389 disputatione
821 1314 1024 1373 enucleatiore
1040 1318 1133 1392 atque

119 1402 210 1476 paulo
235 1400 328 1459 altius
351 1402 513 1478 repetenda
537 1402 742 1477 obstrictaquo
761 1402 865 1460 multis
889 1401 1133 1481 difficultatibus,

120 1508 211 1566 quam
229 1490 293 1565 ipse
313 1490 385 1549 olim
399 1489 506 1548 distuli
524 1509 622 1565 neque
635 1491 757 1549 interim
771 1491 849 1549 alius
865 1491 932 1568 quis
947 1485 1131 1574 suscepitw)

183 1577 366 1638 Distributio
397 1577 525 1654 denique
557 1598 648 1656 quam
675 1579 707 1637 in
735 1578 792 1638 fine
823 1578 892 1637 libri
916 1580 1019 1656 Lydus
1045 1582 1130 1640 addit

121 1667 310 1743 singularum
339 1670 437 1726 terrae
465 1668 623 1744 regionum
650 1667 730 1726 inter
753 1667 875 1743 singula
897 1668 1012 1728 zodiaci
1036 1670 1133 1747 signa,

119 1756 228 1833 quibus
249 1756 376 1816 obnoxia
395 1757 467 1834 sint,
491 1756 540 1816 vel
562 1760 598 1815 ut
623 1756 709 1815 aiunt
732 1757 958 1839 astrologica
977 1777 1131 1837 geogra-

117 1847 220 1924 phia,
251 1864 286 1904 ea
314 1849 380 1906 tota
413 1845 561 1922 exscripta
593 1848 639 1904 est
667 1864 702 1903 ex
729 1845 933 1904 Ptolemaei
965 1846 1129 1906 tetrabiblo

118 1925 193 2015 (vid.
217 1935 350 1995 adnotat.
370 1926 486 2015 critic).

182 2022 218 2081 In
249 2024 404 2100 proecdosi
440 2025 539 2083 solum
569 2022 724 2081 indicem
758 2025 948 2082 auctorum
989 2042 1007 2081 a
1041 2024 1128 2102 Lydo

116 2111 310 2171 laudatorum
336 2112 521 2189 addideram,
549 2112 580 2169 in
608 2130 667 2192 quo
695 2110 877 2170 conficiendo
906 2113 980 2169 tunc
1003 2117 1125 2189 praesto

116 2199 190 2258 mihi
212 2199 272 2257 fuit
294 2199 382 2258 index
404 2200 499 2259 totius
526 2200 604 2277 Lydi
627 2199 851 2258 accuratissime
879 2199 916 2258 ab
939 2198 1066 2261 Alfredo
1089 2202 1129 2261 de

117 2286 294 2347 Gutschmid
318 2288 503 2367 elaboratus,
527 2301 605 2346 nunc
629 2288 725 2347 adieci
748 2289 840 2347 etiam
861 2306 963 2346 rerum
981 2291 1124 2366 gravissi·

115 2394 231 2435 marum
254 2377 375 2454 indices,
391 2377 443 2453 qui
461 2377 589 2436 fortasse
603 2396 663 2436 non
681 2395 803 2452 prorsus
821 2377 1004 2436 infructuosi
1025 2381 1126 2456 erunt,

115 2465 293 2541 praesertim
307 2483 375 2524 cum
389 2484 521 2542 augurer
534 2467 598 2526 fore
613 2470 649 2524 ut
657 2466 748 2542 pauci
761 2468 882 2525 tantum
895 2468 996 2524 totum
1009 2467 1124 2526 librum

114 2554 226 2631 legant.
247 2553 364 2612 seclusi
372 2557 474 2613 tamen
483 2553 791 2614 Clodiicalendarium
801 2554 912 2631 quippe
921 2555 1003 2630 quod
1012 2556 1126 2616 rectius

116 2642 153 2699 ad
176 2642 293 2718 reliqua
316 2643 486 2702 calendaria
508 2662 585 2720 qnae
610 2646 778 2719 sequuntur
802 2641 916 2702 Graeca
939 2643 1098 2704 referatur.

186 2795 229 2862 70)
247 2792 312 2847 inde
331 2811 387 2848 non
406 2794 496 2848 solum
513 2794 643 2862 frequens
661 2794 775 2849 iteratio
790 2793 915 2848 eiusdem
934 2794 1123 2863 apparitionis

115 2864 281 2936 explicatur,
237 2866 351 2918 ursed
369 2865 488 2919 fortasse
506 2865 593 2919 etiam
611 2865 683 2920 mira
705 2865 840 2919 sermonis
860 2864 981 2921 sanetas
1001 2864 1124 2934 quaein

115 2909 285 2994 adnotandis
305 2936 411 2991 eisdem
430 2936 653 3005 apparitionibus
672 2938 780 3006 regnat

163 3010 230 3089 71)
256 3009 379 3061 ceterum
404 3009 497 3061 tacere
521 3007 602 3076 nolo,
638 3024 809 3076 quamquam
833 3005 968 3075 intellego
997 3005 1027 3060 id
1055 3007 1125 3060 mali

115 3078 216 3134 ominis
231 3094 299 3146 esee,
314 3078 367 3132 hoc
382 3077 573 3132 calendarium
587 3096 605 3133 a
618 3078 766 3147 Salmasio,
780 3077 900 3132 Plinian
916 3092 1004 3132 exerc.
1019 3095 1047 3147 p.
1064 3082 1123 3147 748,

114 3150 259 3205 aureolum
276 3149 406 3203 libellum
423 3151 555 3203 vocatum
577 3165 650 3217 esee;
679 3122 893 3229 tumultuariam
915 3150 1015 3203 contra
1034 3165 1123 3217 quan-

114 3223 180 3276 dam
197 3220 355 3275 miscellam
372 3220 459 3275 variis
483 3236 517 3274 cx
539 3220 749 3302 parapegmatie
769 3219 829 3283 sine
847 3219 944 3273 ordine
964 3235 997 3274 ac
1015 3219 1122 3274 iudicio

113 3293 270 3348 confectam
289 3295 374 3360 atque
393 3294 430 3346 ad
444 3290 577 3346 salmasii
590 3292 704 3361 genium
717 3292 823 3346 factam
837 3307 854 3344 a
867 3289 994 3360 Petavio,
1014 3293 1121 3345 auctor.

114 3380 157 3433 op
177 3365 212 3418 dc
232 3365 318 3419 doctr.
337 3366 422 3434 temp
442 3382 468 3434 p
484 3367 545 3417 167

183 3438 227 3502 72)
245 3435 372 3504 Ungerus
385 3437 489 3504 tamen,
509 3433 558 3502 qui
572 3437 709 3502 quantum
723 3433 780 3488 scio
798 3451 870 3487 unus
888 3448 947 3486 rem
965 3432 1099 3502 tetigit,
1090 3449 1121 3486 1n

112 3503 225 3558 Mulieri
243 3506 387 3588 compend
411 3506 466 3561 litt.
492 3505 598 3574 antiqu.
621 3505 648 3558 11
669 3524 696 3575 p
712 3511 745 3559 81
771 3504 807 3559 ab
832 3503 963 3574 opinione
986 3519 1050 3558 mea
1069 3502 1121 3557 ali-

112 3578 248 3644 quantum
267 3576 402 3632 discessit
