2490 4124
325 266 456 321 Νιαιοο
474 265 708 321 υοαιυσνειυ
728 271 760 337 (ε.
780 271 822 320 σε.
842 267 886 334 τι)
1072 262 1118 330 79·

170 427 222 512 ιβ’.
247 431 276 494 εἰ
299 432 476 516 βροντήσή,
500 430 533 494 ολ
557 431 732 516 ἄνθρωποι
755 431 813 506 τάς
836 430 929 506 δήεις
950 433 1113 514 νοσήσου-

99 554 168 620 σιν,
192 539 282 601 ἔσται
306 533 344 601 δέ
366 539 470 613 πολὺς
493 539 612 623 χόρτος
634 535 689 601 καὶ
713 516 844 619 ἰχθύων
868 534 1025 613 ἐπίδοσις.

170 640 221 726 ιγ’.
246 644 274 707 εἰ
297 645 479 730 βροντήσή,
503 645 626 720 νόσους
650 642 785 707 ἀπειλεῖ.

170 747 221 815 ιδ.
254 751 284 815 εἰ
314 752 497 837 βροντήσή,
530 751 653 815 σπάνιν
684 749 739 814 καὶ
771 759 867 833 μυῶν
898 746 1031 832 γένεσιν
1058 748 1113 814 καὶ

71 857 250 942 σόλεδρον
271 858 485 943 τετραπόδων
508 856 642 922 ἀπειλεῖ.

170 960 216 1027 ιε’.
249 964 278 1027 εἰ
309 965 493 1049 βροντήσή,
526 965 644 1028 στάσιν
677 964 837 1046 δουλικὴν
868 961 923 1027 καὶ
952 965 1147 1048 τιμωρίανΙ)

100 1069 216 1146 αὐτοῖς
239 1068 293 1133 καὶ
317 1070 481 1154 εύδήνίαν
504 1081 648 1157 καρπῶν.

169 1173 219 1249 ις’.
248 1177 277 1240 εί
303 1178 486 1263 βροντήσή,
515 1176 532 1241 6
561 1178 665 1261 δῆμος
691 1177 757 1241 ὑπὸ
786 1185 846 1240 τοῦ
874 1167 1036 1259 βασιλέιος
1058 1199 1113 1240 τα-

101 1284 313 1368 ραχδήσεται.

44 1415 85 1455 σεο
169 1387 215 1466 ιζ.
239 1388 268 1452 εί
290 1391 468 1475 βροντήσή,
491 1391 614 1465 νόσους
637 1387 840 1466 ἀκινδύνους
863 1388 997 1455 ἀπειλεῖ.
1084 1405 1165 1458 136Α

57 1524 84 1562 11
169 1492 220 1578 ιή.
244 1495 273 1559 εί
295 1497 474 1580 βροντήσῃ,
499 1494 673 1579 πράγματα
697 1493 955 1579 ἐκδειματούντα
976 1497 1037 1561 τὸν
1056 1496 1112 1579 δή·

100 1626 166 1687 μον
189 1600 414 1685 ἀναστήσεται.

168 1707 225 1773 ιδ’.
257 1709 287 1772 εί
318 1709 500 1794 βροντήσή,
532 1706 593 1772 καὶ.
619 1707 637 1772 6
671 1709 828 1790 βασιλεὺς
855 1710 983 1791 νικήσει
1010 1706 1065 1772 καὶ
1093 1708 1111 1773 6

102 1817 205 1900 δήριος
228 1817 289 1898 τήν
312 1817 484 1900 κρείττονα
506 1813 570 1892 ἕξει
593 1812 695 1891 τάξιν.

58 1947 86 1988 15
167 1920 204 1987 κ’.
242 1925 271 1987 ελ
302 1924 486 2007 βροντήσή,
518 1921 662 2003 εύδηνία
693 1917 755 2004 μὲν
787 1919 978 1995 ἐπείσακτος
1010 1921 1143 2004 ἔσται,Β

100 2029 252 2113 βήχώδης
275 2024 312 2092 δὲ
335 2030 435 2103 νόσος
458 2025 628 2111 ἐνοχλήσει
651 2037 722 2103 τοῖς
745 2027 903 2110 σώμασιν.

167 2133 225 2200 κά.
249 2135 278 2199 εἰ
300 2136 478 2220 βροντήσή,
503 2132 520 2197 6
539 2135 697 2216 βασιλεὺς
715 2135 851 2208 πολλοῖς
871 2130 1111 2214 ἐπιβουλεύσας

99 2240 193 2318 τέλος
217 2240 474 2323 ἐπιβουλεύεται.
828 2325 830 2329 Ι

166 2346 226 2431 κβ’.
249 2349 278 2412 εί
300 2348 480 2432 βροντήσή,
503 2345 646 2428 εὐθήνία
668 2341 730 2428 μὲν
753 2347 854 2429 ἔσται,
877 2356 972 2428 μυῶν
995 2342 1032 2410 δὲ
1053 2343 1109 2411 καλ

59 2455 235 2539 τοέλάφων
257 2457 395 2536 πλῆθος.
510 2478 513 2483 ’

166 2559 225 2644 κγ’.
254 2561 283 2624 εί
306 2561 485 2645 βροντήσή,
509 2556 662 2635 εὐταξίαν
684 2569 723 2644 τῇ
746 2560 840 2623 πόλει
864 2559 970 2642 δηλοῖ.

166 2664 225 2731 κδ.
254 2668 283 2731 εί
305 2667 483 2751 βροντήσή,
506 2668 610 2729 νόσον
632 2667 712 2749 μετά
735 2664 863 2742 ἐνδείας
887 2666 992 2748 δηλοῖ.
1121 2706 1141 2761 0

166 2770 220 2838 κε’.
254 2773 282 2836 εί
304 2774 482 2857 βροντήσή,
506 2771 711 2855 δουλομαχία
734 2773 834 2835 ἔσται.

166 2877 224 2954 κς’.
262 2879 291 2943 εί
326 2881 507 2965 βροντήσῃ,
544 2876 662 2942 πολλοὶ
698 2877 781 2964 πρὸς
816 2885 875 2942 τοῦ
908 2887 1110 2963 κρατοῦντος

60 3014 86 3055 τε
99 2987 391 3072 ἀναιρεθήσονται,
414 2983 507 3061 τέλος
531 2980 568 3048 δέ
590 2983 645 3049 καὶ
669 2984 777 3060 αὐτός.

172 3213 190 3266 2
209 3214 258 3268 καὶ
281 3230 334 3267 om.
354 3214 382 3266 P
401 3215 410 3283 ή
433 3212 451 3266 8
471 3210 496 3268 ελ
514 3213 664 3285 βροντήσή]
682 3211 729 3265 hie
749 3212 812 3267 add.
833 3212 861 3264 P
880 3212 889 3280 ΙΙ
911 3209 931 3264 4
950 3219 1038 3280 μυιῶν
1057 3211 1085 3264 Ρ
1100 3210 1111 3282 ΙΙ

99 3285 118 3340 8
137 3285 152 3340 6
173 3301 225 3338 om.
245 3286 274 3338 P
289 3286 298 3353 ΙΙ
319 3285 357 3338 10
376 3285 494 3356 ἀπειλεῖ]
514 3286 596 3352 δηλοῖ
612 3282 712 3352 Ρ1112
731 3282 937 3350 ἀναστήσονται
956 3281 1019 3337 01³:
1032 3298 1108 3352 cort.

10 3390 12 3399 ι
98 3356 223 3410 Hereher
246 3358 255 3425 ή
278 3354 315 3409 13
338 3355 387 3410 καλ
410 3357 475 3409 ante
499 3354 514 3408 6
533 3355 661 3427 βασιλεὺς
679 3370 732 3408 om.
753 3354 781 3406 P
800 3355 809 3422 ss
832 3352 870 3406 14
888 3351 968 3418 τάξιν
987 3350 1042 3417 ἔξει
1062 3352 1109 3478 θή

98 3427 203 3483 15.16
223 3424 345 3495 εύδήνία
363 3422 533 3493 ἐπείσακτος,
553 3426 679 3496 βήχίοδής
698 3421 780 3486 νόσος
799 3431 857 3487 τοῖς
871 3424 995 3493 σώμασιν
1008 3425 1037 3477 Ρ
1047 3423 1087 3494 111

100 3497 311 3571 ἐπιβουλεύσας]
326 3497 492 3570 βασιλεύσας
506 3498 534 3550 Ρ
544 3499 553 3566 ss
568 3497 605 3550 19
624 3503 713 3558 μυιῶν
728 3495 756 3548 Ρ
766 3497 775 3565 ss
789 3493 828 3548 20
846 3492 1018 3563 ἀσκαλάφιον
1037 3494 1108 3550 coni

100 3569 240 3624 Swoboda
257 3587 284 3638 p.
304 3573 337 3622 59
363 3571 367 3640 λ
391 3567 502 3637 πληθύς
520 3569 549 3621 Ρ
569 3571 577 3637 ΙΙ
601 3566 638 3620 25
656 3567 721 3636 post
743 3565 827 3629 αὐτὸς
844 3566 965 3634 Rutgers
990 3564 1045 3632 ἕξει
1062 3565 1109 3621 vel

99 3640 159 3695 τοδε
178 3639 247 3708 quid
266 3639 332 3693 addi
350 3639 442 3707 iubet;
462 3637 560 3693 debuit
579 3641 653 3693 certe
672 3637 892 3707 ἀναιρεθήσεται
