2490 4124
163 260 208 325 90
494 257 583 313 LYDI
598 256 647 312 DE
666 256 841 312 OSTENTIS

161 425 268 507 μόνον
295 421 378 487 ἀλλά
404 419 460 487 καὶ
486 425 689 506 θαλαττίων,
718 420 823 506 ἀχλύν
844 445 880 486 τε
902 429 948 509 τῶ
971 420 1058 508 ἀέρι,
1086 422 1177 490 άλλδιΙ

161 528 217 594 καὶ
249 527 440 613 ἀφανισμὸν
471 539 541 606 τοῖς
573 529 711 613 ἰχθύσιν
742 528 876 594 ἀπειλεῖ.
925 530 966 593 τά
996 526 1034 594 δὲ
1064 535 1172 616 θηρία

160 636 245 722 πρὸς
262 637 320 712 τάς
336 636 478 719 παγίδας
496 635 728 719 αὐτομολήσω·
747 635 907 719 φυτεύειν
925 633 954 698 δ’
974 635 1061 719 ὅμως
1079 639 1171 720 φυτά

162 741 364 808 ἐπευκταίον.
408 740 464 807 καὶ
496 742 642 819 νοσῶδες
673 738 735 826 μὲν
766 742 803 805 τὸ
834 742 1037 827 κατάστημα,
1070 744 1102 808 ολ
1132 740 1171 808 δὲ

162 851 318 936 ἄρχοντες
345 848 525 932 ἀνωμάλως
547 849 780 913 διακείσονται.
826 849 856 913 εί
878 845 916 913 δὲ
937 849 1058 925 νυκτὸς
1072 898 1170 915 ......
1199 873 1212 915 ι

129 963 151 1018 O
226 955 278 1020 40.
311 959 490 1040 Σελήνης
518 956 637 1040 ούσης
661 955 744 1040 (ἐν)
768 963 864 1042 κριῷ
889 954 947 1020 ἐάν
968 957 1092 1042 βροντή
1117 956 1171 1040 γε’-

159 1085 256 1146 νηται
280 1061 317 1126 ἐν
338 1061 453 1148 ήμέρα,
477 1063 590 1146 φυγήν
612 1059 673 1146 μὲν
689 1059 866 1147 Ἀραβίοις,
889 1063 1008 1146 λοιμὸν
1025 1059 1063 1128 δὲ
1082 1062 1171 1150 Πέρ-

120 1248 124 1257 ·
161 1186 235 1246 σαις
256 1168 391 1235 ἀπειλεῖ.
428 1170 457 1234 εἰ
480 1165 517 1233 δὲ
539 1172 647 1253 νυκτί,
665 1167 780 1234 Ἀσίαν
801 1166 857 1233 καὶ
879 1169 1049 1254 Εὐρώπην
1070 1172 1170 1256 ταρά-

160 1273 256 1352 ξουσι
274 1275 437 1359 πολέμιοι,
461 1276 548 1340 οἵτε
567 1278 820 1360 ναυτιλλόμενοι
839 1275 901 1341 ούκ
920 1273 980 1353 ἔξω
998 1276 1170 1342 κινδύνων

160 1377 320 1446 ἔσονται.’
345 1379 400 1469 καὶ
428 1380 579 1464 ἀφθονία
600 1377 662 1465 μὲν
684 1391 751 1445 τῶν
773 1391 910 1466 καρπῶν
932 1384 1038 1466 ἔσται,
1066 1382 1168 1447 δυνα-
1184 1408 1211 1449 ω

159 1496 220 1552 τοῶ
248 1484 285 1573 δὲ
311 1489 492 1573 προσώπου
515 1497 652 1564 πτῶσις·
683 1486 739 1552 καὶ
761 1489 802 1552 τά
823 1489 920 1553 κοινά
944 1487 1043 1572 ἐγγὺς
1066 1489 1168 1574 εὐθη-

158 1597 233 1671 νίας
256 1597 355 1659 ἔσται.

225 1703 403 1785 Σελήνης
427 1702 547 1784 ούσης
569 1700 655 1787 <ἐν>
678 1702 806 1789 ταύρω
831 1703 860 1766 εί
883 1700 920 1766 ἐν
942 1699 1047 1788 ἡμέρη
1067 1705 1168 1790 βρον-

61 1860 65 1868 .
158 1811 255 1895 τήση,
288 1807 472 1894 ἐπομβρίαν
499 1809 596 1891 δηλοῖ
622 1806 677 1873 καί
704 1808 873 1893 χαλαζώδη
900 1809 961 1873 τὸν
987 1808 1082 1894 ἀέρα,
1112 1810 1168 1876 καί

122 1923 314 2000 Βποταμῶν
339 1916 557 2001 προχεύματα
602 1913 657 1979 καὶ
685 1914 703 1980 δ
730 1911 792 1999 μὲν
815 1916 915 1999 ἰχθύς
937 1916 1105 2001 ἀφθονος,
1134 1920 1167 1982 ολ
1184 1939 1210 1980 15

158 2019 195 2087 δὲ
217 2021 293 2109 περὶ
316 2025 395 2099 τοὺς
417 2025 618 2099 θαλαττίους
640 2023 766 2108 πόρους
788 2020 1038 2106 ἀγρυπνοῦντες
1062 2027 1166 2108 λυπη-
1181 2047 1223 2087 εει

157 2131 299 2214 ρότατοι.
343 2127 398 2193 καὶ
426 2128 444 2194 δ
471 2126 533 2212 μὲν
560 2130 681 2213 άμητος
708 2127 852 2212 ἀγαθός,
879 2138 949 2205 τοῖς
973 2125 1010 2194 δὲ
1031 2131 1166 2213 κτήνεσι

156 2236 280 2318 λοιμός.
325 2236 355 2299 ελ
383 2230 420 2299 δὲ
441 2235 588 2321 νύκτωρ,
611 2245 747 2320 καρπῶν
769 2231 831 2318 μὲν
853 2235 1000 2319 ἔνδειαν,
1022 2235 1166 2314 ὑετῶδες

157 2339 195 2408 δὲ
224 2340 280 2407 καὶ
312 2341 495 2425 χαλαξῶδες
521 2342 559 2406 τὸ
586 2341 728 2426 θερινὸν
753 2341 950 2426 κατάστημα.
996 2343 1166 2427 ἀμβλωσίς
1217 2361 1219 2365 ’

95 2457 227 2530 ΙΙδθῶτε
248 2458 419 2531 γυναικῶν
441 2449 655 2532 συμβήσεται,
677 2446 732 2512 καὶ
750 2448 787 2513 τὸ
806 2450 967 2532 νόστιμον
983 2449 1076 2536 ὕδωρ
1096 2449 1165 2515 ἐπι-
1180 2474 1208 2515 ιο

65 2638 69 2645 Ι
113 2624 117 2631 ,
156 2557 275 2632 λείψει·
298 2552 353 2619 καὶ
375 2557 522 2639 κινήσεις
540 2551 601 2638 μὲν
619 2555 873 2640 στρατευμάτων
891 2559 1046 2642 λυπηραί,
1068 2567 1107 2642 τῇ
1127 2555 1166 2622 δὲ

155 2660 299 2744 ἀνατολῇ
322 2660 485 2744 τύραννος
508 2658 569 2724 οὐκ
592 2658 732 2744 εὐτυχής
754 2657 933 2744 ἐνοχλήσει.

221 2769 398 2850 Σελήνης
435 2766 554 2849 ούσης
585 2765 670 2849 <ἐν>
707 2766 893 2849 διδύμοις
929 2768 958 2832 εἰ
991 2767 1028 2832 ἐν
1058 2767 1165 2855 ἡμέρᾳ

153 2875 331 2959 βροντήση,
350 2870 591 2954 θεοσεβέστατά
609 2875 700 2937 ἔσται
718 2873 759 2937 τά
777 2874 886 2938 κοινά·
910 2875 940 2938 εί
954 2870 991 2938 δὲ
1006 2873 1043 2939 ἐν
1056 2880 1163 2960 νυκτί,

154 2981 194 3045 τά
216 2978 358 3045 ἐναντία.
1178 3005 1204 3046 25

220 3088 397 3170 Σελήνης
432 3086 551 3168 ούσης
588 3085 673 3170 <ἐυ>
709 3090 880 3175 καρκίνῳ
919 3088 948 3152 εἰ
984 3085 1164 3177 ἐνήήμέρηι

223 3349 241 3404 5
261 3349 286 3403 εί
305 3347 336 3404 δὲ
354 3349 465 3421 νυκτὸς]
484 3348 638 3404 add.1>et
656 3349 775 3403 duorum
792 3365 923 3404 versuum
941 3351 1064 3420 spatium
1077 3353 1162 3408 relin-

152 3420 227 3490 quit3
247 3420 333 3475 ceteri
351 3419 441 3475 omitt.
456 3423 465 3490 ΙΙ
479 3421 497 3475 6
517 3419 770 3492 ούσης-χένηται]
790 3420 840 3475 ἐὰν
857 3422 995 3494 βροντήση
1010 3425 1039 3478 Ρ
1049 3426 1058 3493 ΙΙ
1073 3425 1091 3478 9
1109 3423 1162 3479 πύ-

151 3494 234 3560 λεμον
252 3493 286 3560 Ρ,
304 3490 420 3561 πόλεμοι
438 3492 466 3546 Β
484 3494 493 3562 Η
511 3492 549 3546 13
570 3492 665 3562 ούσης]
685 3490 715 3546 ἐν
734 3494 763 3547 Ρ
777 3494 787 3562 ΙΙ
805 3492 842 3547 15
861 3477 1061 3563 παροχεύματα
1079 3494 1160 3552 libri:

154 3577 222 3616 corr.
237 3561 360 3617 Heroher
373 3566 382 3632 ΙΙ
396 3562 434 3617 23
452 3562 547 3634 ούσης]
566 3562 598 3618 ἐν
611 3564 640 3617 Ρ
650 3565 660 3632 ΙΙ
673 3561 722 3618 24.
737 3562 775 3618 25
795 3563 819 3617 εί
837 3561 868 3616 δὲ
888 3561 976 3633 νυκτί,
994 3565 1162 3623 τούναντίον

152 3631 200 3702 ΡΙΙ
215 3632 251 3687 26
271 3633 366 3705 ούσης]
387 3633 418 3688 ἐν
436 3632 465 3687 Ρ
