2490 4124
379 219 644 275 APPARITIONES
664 219 904 292 (Ραοοοιιυιιη
1083 221 1148 286 209
1236 199 1239 206 ’

141 384 368 467 ἐπισημασιῶν
395 383 630 470 έφαρμόζωμεν
655 393 727 460 ταῖς
754 406 788 448 τε
811 393 878 447 τῶν
901 386 1036 467 ἔγγιστα
1059 385 1149 469 ὃιχο·

139 495 252 575 τόμων
274 489 329 554 καὶ
352 499 423 565 ταῖς
444 491 509 574 πρὸ
530 490 678 554 συνόδου
696 489 837 572 μάλιστα
854 489 909 555 καὶ
927 493 1148 574 πανσελήνου,

140 597 196 663 καί
224 595 359 681 προσέτι
387 606 459 674 ταῖς
485 619 520 660 τε
546 606 614 660 τῶν
639 595 715 680 περὶ
744 595 845 673 αὐτάς
871 597 929 673 τάς
954 598 1072 681 φάσεις
1096 597 1202 663 ἐπίοι

140 707 182 768 τά
218 704 488 787 ὃωὸεκατημόρια
522 703 733 786 μεταβάσεων
768 711 828 768 τοῦ
864 701 978 786 ἡλίου,
1018 705 1076 781 τάς
1112 702 1149 770 δὲ

113 813 319 894 ςποιότητας
351 819 390 894 τῇ
418 811 519 893 φύσει
546 818 607 874 τοῦ
633 810 774 893 μάλιστα
802 810 1149 895 συνεσχηματισμένου

141 929 210 982 τῶν
232 927 250 981 ε
276 915 514 1000 πλανωμένων·
545 926 606 981 τοῦ
633 913 694 1000 μὲν
716 926 774 1000 τῆς
792 914 990 1002 Ἀφροδίτης
1013 916 1149 1004 ἀστέρος

141 1026 226 1111 πρὸς
248 1025 288 1087 τὰ
306 1025 415 1107 θερμά
431 1033 500 1087 τῶν
516 1024 773 1106 καταστημάτων
791 1027 1066 1109 συνεργήσαντος,
1088 1034 1149 1090 τοῦ

143 1129 180 1196 δέ
213 1133 349 1215 Κρόνου
380 1131 464 1215 πρὸς
494 1131 535 1193 τά
565 1130 690 1214 ψυχρά,
722 1138 782 1194 τοῦ
815 1127 852 1195 δὲ
880 1131 965 1207 Διὸς
996 1132 1079 1216 πρὸς
1110 1134 1150 1196 τὰ

142 1238 244 1322 ὑγρά,
276 1245 336 1301 τοῦ
369 1232 405 1300 δὲ
424 1233 548 1321 ’Ἀρεως
574 1237 657 1321 πρὸς
684 1236 724 1299 τὰ
751 1234 846 1321 ξηρά,
877 1246 938 1301 τοῦ
966 1234 1003 1301 δὲ
1027 1234 1149 1323 Ἑρμοῦ

99 1381 128 1421 10
143 1346 227 1429 πρὸς
258 1344 298 1406 τά
330 1345 445 1425 ἐνικμα
476 1340 532 1407 καὶ
558 1344 791 1426 πνευματώδη,
824 1343 1151 1428 συνυπακουομένων

142 1452 226 1536 πρὸς
250 1449 353 1532 αὐτὴν
375 1459 433 1533 τῆς
454 1449 538 1534 πρὸς
560 1450 618 1526 τάς
641 1449 791 1526 ἐναντίας
813 1461 881 1514 τῶν
902 1451 1053 1535 κράσεων
1071 1451 1150 1516 ἀπο-

142 1559 380 1642 συνεργησεως.

210 1663 239 1726 9.
267 1663 311 1726 Ίῖ)
330 1661 443 1746 μέντοι
462 1665 555 1739 τινάς
572 1673 639 1727 τῶν
657 1664 759 1748 παρά
776 1672 860 1738 τοῖς
873 1661 1150 1748 παλαιοτέροις

142 1768 449 1852 κατωνομασμένων
468 1767 615 1854 ἀστέρων
636 1769 684 1852 μὴ
708 1770 1046 1853 προσεντετάχθαι
1069 1768 1145 1854 παρ’

101 1909 129 1950 15
142 1876 223 1960 ἡμῖν
241 1877 321 1959 μήτε
336 1874 373 1939 ἐν
392 1875 486 1960 αὐτη
501 1874 583 1960 <τη>
601 1884 667 1958 τῆς
680 1877 946 1959 πραγματείας
965 1861 1150 1952 συντάξει

143 1985 223 2066 μήτε
246 1991 324 2064 νῦν,
349 1972 422 2046 οἷον
445 1980 574 2063 ὀιστόν,
597 1982 770 2064 πλειάὸας,
793 1979 942 2065 ἐρίφους,
964 2002 1151 2066 προτρυγη-

142 2099 239 2174 τῆρα,
268 2089 423 2171 δελφῖνα,
450 2085 506 2152 καὶ
529 2093 564 2152 εί
581 2111 631 2164 τις
653 2097 819 2171 τοιοῦτος,
847 2086 1092 2171 συγχωρητέον,
1122 2090 1151 2152 εἰ

143 2197 187 2280 μὴ
210 2197 298 2279 βαρὺ
316 2195 353 2258 τὸ
373 2200 502 2277 αίτημα,
525 2195 666 2277 μάλιστα
683 2190 745 2277 μέν
763 2194 819 2258 ὃιά
836 2194 874 2258 τὸ
893 2194 1151 2278 δυσδιακρίτους

142 2302 198 2367 καὶ
224 2303 513 2385 δυσκατανοήτους
536 2296 621 2365 εἶναι
644 2301 853 2378 παντάπασιν
874 2301 933 2376 τάς
954 2310 1022 2364 τῶν
1045 2301 1151 2391 οὕτως

100 2441 128 2480 20
143 2420 271 2495 μικρῶν
299 2406 446 2493 ἀστέρων
474 2406 610 2491 ἐσχάτας
637 2405 691 2471 καὶ
718 2408 849 2492 πρώτας
872 2409 1068 2490 φαντασίας·
1099 2429 1151 2470 κε-

144 2518 292 2600 χρῆσθαί
316 2538 351 2578 τε
378 2516 469 2589 τοὺς
496 2514 569 2600 πρὸ
597 2510 705 2597 ἡμῶν
732 2514 847 2590 αὐταῖς
875 2512 938 2577 ἀπὸ
963 2522 1150 2597 στοχασμοῦ

142 2645 235 2698 τινος
261 2624 388 2704 μᾶλλον
414 2619 434 2703 ἢ
462 2623 629 2706 τηρήσεως
656 2617 689 2697 ἐξ
715 2619 825 2684 αὐτῶν
848 2628 915 2683 τῶν
937 2617 1151 2703 φαινομένων

144 2731 187 2793 ἀν
213 2752 262 2804 τις
289 2729 532 2811 κατανοήσειεν.
579 2724 683 2790 ἔπειθ’
712 2725 762 2790 ὅτι
789 2735 848 2810 τῆς
874 2727 1005 2811 πρώτης
1026 2723 1150 2810 προθέ-

145 2853 227 2911 σεως
254 2832 334 2917 ἡμῖν
361 2831 455 2918 μέχρι
482 2843 549 2897 τῶν
575 2840 635 2897 τοῦ
662 2833 797 2918 πρώτου
824 2831 879 2896 καὶ
906 2841 967 2896 τοῦ
991 2830 1150 2916 δευτέρου

101 2972 129 3014 25
143 2940 309 3026 μεγέθους
332 2940 488 3004 ἀπλανῶν
510 2940 567 3003 διὰ
588 2940 649 3023 την
670 2937 861 3023 ἐκκειμένην
879 2939 989 3003 αἰτίαν
1005 2938 1151 3021 ὑποβλη-

144 3052 262 3131 θείσης
288 3049 324 3112 τὸ
353 3047 518 3122 τοιούτοις
545 3048 662 3129 μόνοις
687 3056 756 3110 τῶν
782 3045 936 3110 ὑποκάτω
962 3046 1003 3108 τά
1025 3042 1149 3126 μεγέθη

216 3311 317 3378 ampl
340 3327 408 3363 corr.
427 3310 460 3363 U.
479 3328 505 3379 p.
526 3314 559 3362 29
582 3325 632 3377 pro
655 3308 733 3377 παρὰ
761 3310 770 3377 η
797 3305 877 3378 m]
898 3305 937 3360 sic
955 3307 984 3360 B
1006 3308 1100 3376 (vero),
1121 3326 1150 3360 τε

145 3383 167 3437 S
191 3384 201 3452 ΙΙ
229 3382 277 3436 11.
301 3380 338 3435 12
367 3380 611 3450 ἀποσννεργήοεως
642 3378 741 3448 scripsi
770 3395 820 3448 pro
850 3377 907 3432 ἀπὸ
938 3375 1125 3447 συνεργήοεως

145 3454 183 3508 13
201 3453 279 3520 παρὰ
303 3451 401 3520 scripsi
423 3469 473 3521 pro
496 3452 573 3519 περὶ,
601 3452 677 3520 apud
699 3451 727 3504 B
754 3452 763 3520 ΙΙ
791 3448 828 3502 15
846 3456 880 3519 τῇ
903 3448 967 3503 add.
987 3447 1020 3502 U.
1043 3466 1071 3517 p.
1091 3454 1124 3502 29

145 3524 183 3578 26
205 3524 237 3577 τὸ
260 3523 440 3586 τοιοίτοις-
451 3520 545 3577 αἰτίαν
563 3525 600 3592 (p
616 3527 681 3590 210,
697 3522 735 3593 3)]
754 3527 811 3576 ῶτιν
829 3521 910 3574 etiam
928 3521 996 3590 quia
1012 3520 1063 3575 hae
1080 3521 1152 3575 solae

141 3602 254 3665 propter
275 3596 409 3665 ιἰιείγιιινι
431 3595 648 3665 ηαφηῶιιάίνιια
672 3597 740 3661 (τιον
762 3593 869 3663 quidem
887 3594 988 3659 οννιοο)
1007 3608 1091 3662 κτους
1108 3593 1151 3647 ιἰι-

198 3695 274 3734 Lm.
288 3692 620 3734 stnvsed.Waohsmuth.
641 3691 728 3734 Ed.11.
959 3685 993 3734 14
