2490 4124
113 224 156 287 30
363 216 376 235 ”
444 220 531 276 LYDI
548 220 597 274 DE
616 218 790 275 OSTENTIS

112 397 180 451 τῶν
206 383 471 469 πλανωμένων
498 381 654 468 ἀστέρων.
699 391 746 470 τῷ
769 379 831 466 μέν
854 383 916 467 γὰρ
941 391 1002 448 τοῦ
1026 385 1124 462 Διὸς
1161 364 1164 369 ¹

113 490 328 577 ἐπιφέροντες
354 493 412 568 τὰς
439 493 557 575 κόμας,
584 489 660 575 περὶ
687 493 767 567 τοὺς
790 492 987 572 βασιλικούς
1010 496 1123 568 οῶιους

113 600 171 675 τάς
207 600 349 684 ταραχὰς
386 598 598 662 ἀποτελοῦσι·
639 603 685 683 τῷ
721 592 758 660 δὲ
793 586 854 661 τοῦ
877 593 1014 681 ’Ἀρεος
1046 596 1125 662 ὅταν

114 702 312 788 ἐπενέγκωσι
340 705 398 780 τὰς
425 706 528 787 κόμας
555 713 636 766 τῶν·
650 702 687 766 ἐν
711 713 781 779 τοῖς
804 701 920 778 ὅπλοις
943 704 1070 780 νόσους
1091 726 1124 768 τε

112 811 167 877 καὶ
185 811 364 893 θανάτους,
388 813 435 874 ἐτι
457 805 493 873 δέ
511 808 566 874 καὶ
583 808 737 894 πολέμιον
755 809 885 885 στάσεις
903 807 1117 874 ἀποτελοῦσι·
1137 837 1149 878 ι

112 926 158 1005 τῷ
191 913 227 981 δέ
259 926 317 1000 τῆς
340 914 578 1002 Ἀφροδίτης
610 926 780 999 γυναικῶν
808 916 946 1000 φθοράν
974 919 1127 999 σημαίνει

113 1023 168 1088 καὶ
190 1025 376 1105 βασιλίδων
394 1022 563 1097 θανάτους
581 1020 636 1086 καί
655 1021 844 1098 διαστάσεις
861 1029 1054 1086 ποιοῦνται·
1082 1030 1126 1110 τῷ

114 1125 151 1195 δέ
174 1137 235 1193 τοῦ
258 1131 418 1214 Κρόνου
442 1138 578 1212 καρπῶν
599 1125 791 1211 ἐπισχέσεις,
814 1129 887 1211 ήτοι
906 1129 1058 1205 σπάνεις·
1081 1137 1126 1216 τῷ

113 1232 151 1300 δὲ
173 1244 234 1300 τοῦ
253 1233 394 1320 Ἑρμοῦ
418 1235 560 1319 ταραχὰς
582 1244 653 1310 τοῖς
676 1234 924 1317 συναλλάγμασι
943 1233 1127 1321 παρέξουσι

113 1341 168 1407 καὶ
193 1345 304 1425 φήμας
327 1340 440 1423 ἀηδεῖς
461 1347 508 1426 τῷ
531 1343 662 1424 πλήθει.
1139 1370 1162 1410 ιι

163 1448 229 1511 mv
256 1448 318 1532 γάρ
346 1448 460 1530 ήλιον
490 1445 545 1510 καὶ
568 1448 629 1530 τήν
652 1450 822 1531 σελήνην
844 1446 1012 1512 ἀδύνατον
1034 1470 1127 1534 περι-

114 1555 241 1636 λάμύαι
263 1557 417 1637 κομήτην.
464 1553 493 1616 εί
516 1548 554 1615 δέ
577 1556 745 1636 φαίνεται,
773 1551 793 1635 ή
821 1553 886 1637 πρὸ
910 1551 1084 1618 ἀνατολῶν
1105 1554 1126 1638 ή

114 1657 190 1744 περὶ
224 1660 366 1742 δυσμάς,
398 1655 473 1742 περὶ
505 1659 543 1722 τὸ
576 1659 743 1743 διάφορον
774 1669 842 1722 τῶν
870 1660 1038 1742 κλιμάτων
1065 1663 1127 1744 τήν

114 1766 260 1829 κάκωσιν
281 1770 426 1849 ποιήσει·
450 1763 486 1828 έν
504 1762 566 1848 μὲν
584 1767 647 1850 γὰρ
665 1775 737 1842 ταῖς
756 1764 931 1842 ἀνατολαῖς
949 1766 1031 1851 <τά>
1048 1767 1125 1853 περὶ

113 1874 175 1955 τήν
193 1870 322 1954 Ἀσίαν,
349 1873 432 1957 πρὸς
460 1867 497 1936 δέ
523 1881 563 1956 τή
591 1872 686 1935 δύσει
711 1871 848 1958 τὰιπερλ
871 1874 932 1955 τὴν
954 1873 1126 1959 Εὐρώπην
1140 1900 1163 1941 ιι

114 1979 264 2042 κακώσει.
305 1978 345 2042 ού
369 1977 482 2062 μέντοι
505 1979 542 2042 τὸ
566 1976 660 2054 τέλος
683 1978 760 2042 ούτε
783 1980 844 2062 τήν
866 1980 1034 2063 σύντομον
1056 1992 1126 2045 τῶν

114 2087 246 2170 χρόνων
261 2084 470 2170 παρέστησαν
484 2084 669 2148 ὑπόστασιν
683 2085 720 2148 ολ
734 2082 823 2169 περὶ
837 2093 957 2149 ταῦτ-α
970 2086 991 2148 δ
998 2091 1124 2172 ιατρί-

114 2203 264 2268 ύαντες.
301 2195 452 2280 γίνονται
472 2186 509 2254 δέ
525 2182 582 2254 καὶ
602 2189 637 2254 ἐκ
655 2201 723 2254 τῶν
743 2192 828 2254 κατά
843 2201 948 2275 μῆνας
967 2194 1125 2258 συνόδων

114 2296 169 2362 καὶ
200 2300 431 2381 πανσελήνων,
464 2295 544 2360 όταν
576 2298 608 2360 οἱ
640 2299 814 2380 λεγόμενοι
844 2296 1018 2362 κακοποιοὶ
1046 2300 1124 2363 τού-

113 2428 183 2481 τοις
214 2414 405 2489 μαρτυρῶσι
437 2413 504 2467 τῶν
537 2402 675 2486 ἀγαθῶν
706 2405 750 2487 μή
781 2402 1123 2488 συσχηματιζομένων,
1139 2433 1163 2475 ει

115 2510 224 2592 ὀλίγαι
265 2506 352 2586 τινές
393 2509 617 2592 ἐναντιώσεις,
658 2513 694 2573 αδ
733 2510 856 2595 ῥαδίως
892 2511 1028 2573 λύονται
1067 2511 1124 2575 διὰ

184 2752 215 2806 1).
230 2736 279 2809 29,
296 2737 333 2790 16
350 2735 490 2799 τινὰς-1
507 2734 642 2807 ἀστέρων]
658 2746 753 2806 σαφῶς
767 2735 940 2806 σημαίνουσι,
958 2737 1029 2804 πρὸς
1041 2735 1123 2801 τίτας

114 2807 190 2862 ἐσται
208 2808 240 2862 τὸ
251 2807 410 2878 Ισύμπτωμα
425 2808 482 2862 LO
495 2807 536 2878 ΙΙ2
556 2808 700 2876 ἐπιφέρειν
715 2809 752 2861 Μ
763 2807 804 2878 ΙΙδ
824 2808 849 2861 εί
867 2807 897 2862 δὲ
916 2814 953 2881 τῷ
971 2806 1123 2878 ποῦ”Αρεσς

114 2884 177 2949 (om.
193 2877 403 2949 όταν-κόμας)
414 2879 471 2933 Lo
487 2881 490 2948 Ι
508 2877 575 2933 όταν
590 2877 769 2950 ἐπενέγκωσι]
785 2876 942 2949 ἐπενέγκειν
953 2880 990 2932 Μ
1001 2882 1011 2948 ΙΙ
1024 2877 1121 2951 ww]

112 2950 162 3014 τὰς
181 2952 254 3005 ΜΝ
276 2956 279 3011 Ι
301 2969 331 3004 τε
350 2966 402 3003 om.
422 2950 480 3004 LO
503 2952 511 3018 ΙΙ
534 2950 552 3003 6
571 2959 712 3018 γυναικῶν
735 2952 800 3019 post
822 2950 939 3019 φθορὰν
956 2953 1062 3019 transp.
1083 2952 1122 3020 D,

111 3024 177 3091 post
196 3019 324 3091 σημαίνει
342 3019 416 3075 MN
429 3023 433 3091 Ι
449 3020 563 3089 φθορὰς
584 3021 614 3087 O,
637 3018 765 3091 σημαίνει
784 3038 836 3075 om.
856 3022 916 3076 Do
933 3021 972 3091 ΙΙ7
993 3023 1043 3075 καλ
1060 3024 1121 3075 δια-

112 3100 221 3156 στάσεις
239 3092 399 3164 ποιοῦνται]
420 3108 473 3145 om.
493 3092 550 3145 Lo
574 3096 578 3161 Ι
603 3101 751 3146 ποιοῦνται
774 3093 816 3160 D,
843 3092 1000 3146 ποιούντων
1024 3093 1099 3146 ΜΝ
1112 3093 1122 3165 ΙΙ

113 3165 130 3218 8
156 3163 295 3234 ἐπίσχεσιν
317 3162 379 3231 ήτσι
403 3162 506 3217 σπάνιν
525 3162 582 3216 Lo
606 3165 610 3234 Ι
636 3163 673 3218 10
696 3165 756 3234 καί]
780 3161 797 3231 ΙΙ
820 3163 878 3218 Lo
899 3166 909 3233 ΙΙ
933 3161 970 3216 12
988 3162 1121 3232 φαίνοιτο

113 3237 187 3291 ΜΝ
199 3240 203 3305 Ι
218 3237 283 3302 περὶ
301 3233 440 3296 ἀνατολὰς
459 3235 497 3286 Μ
516 3236 525 3302 ΙΙ
547 3232 585 3286 14
603 3234 656 3303 γὰρ
676 3251 728 3288 om.
748 3234 840 3288 LNO
855 3235 859 3306 Ι
875 3243 909 3306 τή
927 3235 1050 3306 ἀνατολῇ
1068 3235 1121 3304 τήν

109 3305 199 3361 Ἀσίαν
217 3308 274 3362 Lo
299 3307 303 3379 Ι
327 3305 362 3360 τὰ
382 3304 479 3359 addidi
502 3307 511 3374 ΙΙ
534 3304 571 3359 15
591 3305 622 3359 ἐν
640 3303 671 3358 δὲ
689 3314 723 3376 τῇ
742 3305 799 3360 LO
821 3306 825 3375 Ι
845 3305 881 3359 τδι
899 3306 962 3374 περὶ
982 3322 1035 3360 om.
1054 3306 1120 3374 LO,

83 3398 91 3412 ·
110 3379 175 3445 περὶ
194 3395 247 3432 om.
266 3379 296 3432 D
316 3381 326 3447 ΙΙ
350 3378 386 3431 16
406 3378 439 3431 ού
458 3373 796 3447 μέντοι-διατρίψαντες
826 3379 869 3447 18)
889 3393 941 3431 om.
961 3377 1019 3431 LO
1034 3380 1038 3446 Ι
1055 3377 1119 3431 σύν-

110 3450 259 3574 οικα
279 3449 461 3589 ,νηιι
481 3451 490 3588 Ι
513 3447 551 3572 ιι
574 3446 731 3572 κιαι
750 3467 808 3572 η
822 3446 1119 3587 τοιαῦτα

111 3591 149 3643 Μ
152 3591 185 3644 N
198 3593 201 3660 Ι
218 3592 267 3661 μὴ]
282 3540 356 3645 ούμΝ
366 3592 375 3659 ΙΙ
390 3589 425 3643 21
443 3589 472 3642 αἳ
486 3539 723 3660 ῥοιδίωΙςιλύονΞαι]
734 3589 790 3657 ἀρα
800 3539 1044 3653 ἀϊδίωςδύύάνται
1054 3590 1123 3644 ΜΝ
