2490 4124
154 261 197 325 80
484 256 573 312 LYDI
590 256 639 310 DE
659 254 833 310 OSTENTIS

218 420 273 502 κζ.
296 423 326 486 εί
347 424 526 507 βροντήση,
549 422 672 495 νόσους
694 419 897 495 ἀκινδύνους
920 420 1024 502 δηλοῖ.

118 543 143 596 D
219 527 279 612 κη’.
302 529 332 592 εἰ
349 529 527 614 βροντήση,
547 523 659 610 οἱμὲν
678 525 803 591 ε’νάλιοι
819 527 935 610 ἰχθύες
950 526 1162 608 ἐπιδῶσοοσι,

153 636 194 699 τά
216 632 253 700 δὲ
276 633 449 720 θρέμματα
472 636 690 719 φθαρήσεται.

220 739 284 806 κθ’.
313 744 342 806 εἰ
365 743 547 827 βροντήση,
576 740 729 822 λοιμικὸν
755 738 811 804 καὶ
836 740 983 816 νοσῶδες
1006 739 1058 804 ἐπὶ
1082 750 1162 804 πᾶσι

18 832 23 842 ’
154 849 190 913 τὸ
214 857 274 912 τοῦ
298 846 395 933 ἀέρος
416 847 613 930 κατάστημα.
1170 837 1172 843 ’

102 942 105 949 ’
221 953 259 1020 λ’.
283 956 312 1019 εἰ
334 953 513 1040 βροντήση,
536 954 687 1018 θάνατον
710 952 836 1036 συχνὸν
859 951 993 1017 ἀπειλεῖ.

77 1201 81 1211 ·
103 1195 185 1251 138A
504 1180 815 1247 ΦΕΒΡΟΤΑΡΙΟΣ
1179 1212 1218 1250 σοι

223 1308 273 1374 35.
302 1306 340 1373 α’.
368 1309 411 1372 Εἰ
434 1309 611 1393 βροντήση,
634 1309 781 1391 πόλεμον
803 1306 858 1371 καὶ
881 1318 1009 1372 πτῶσιν
1031 1306 1164 1393 ἀνδρῶν

109 1430 115 1441 “
155 1416 308 1500 εὐπόρων
331 1413 464 1478 ἀπειλεῖ.

199 1518 239 1602 β’.
268 1522 297 1584 εί
319 1521 501 1605 βροντήση,
530 1519 548 1584 ὁ
572 1516 633 1602 μὲν
656 1530 747 1597 σῖτος
771 1519 928 1604 ἐλάττων,
956 1520 976 1604 ή
1001 1517 1039 1584 δὲ
1061 1522 1164 1605 κριθή
1180 1551 1205 1588 ιο

155 1631 323 1713 κρείττων,
346 1625 401 1691 καὶ
423 1629 557 1712 θηρίων
579 1622 640 1709 μὲν
663 1625 809 1711 αὔξησις,
833 1631 954 1712 φθίσις
977 1624 1014 1691 δὲ
1033 1625 1165 1712 ἀνθρώ-

155 1755 228 1798 πων
251 1736 351 1798 ἔσται.

223 1838 261 1924 γ’.
286 1842 315 1904 εί
336 1843 515 1926 βροντήση,
540 1825 701 1923 ἐμφύλιος
725 1842 815 1905 ἔσται
839 1842 960 1916 στάσις.

223 1944 262 2013 δ’.
285 1948 315 2012 εί
337 1949 514 2033 βροντήση,
538 1946 570 2010 οἱ
594 1947 769 2032 ἀνθρωποι
792 1947 833 2012 οὐ
852 1947 1042 2032 προσώποις
1059 1949 1166 2029 μόνον

123 2052 240 2118 ἀλλά
263 2052 318 2118 καὶ
342 2054 506 2129 διανοίαις
529 2052 644 2130 αὐταις
666 2055 943 2139 ταραχθήσονται.
1181 2082 1207 2121 15

124 2171 147 2222 B
225 2156 258 2224 ε’.
282 2160 311 2222 εί
333 2159 555 2245 βροντήση,”
535 2181 657 2242 αμητος
674 2162 779 2235 πολὺς
796 2157 851 2223 καὶ
871 2158 1097 2272 ἀνθρώπων’
1079 2161 1166 2224 ἀπῶ-

156 2270 228 2330 ίεια
251 2267 351 2329 ἔσται.

224 2370 259 2444 ς.
293 2373 322 2436 εί
348 2373 531 2457 βροντήση,
560 2373 677 2457 φθορά
703 2382 770 2436 τῶν
797 2370 906 2458 ξηρῶν
932 2383 1083 2459 καρπῶν,
1111 2372 1167 2463 καὶ

157 2479 384 2564 διαφερόντως
406 2488 474 2542 τῶν
495 2484 635 2564 κριθῶν.
751 2467 753 2471 ¹

224 2581 256 2661 ζ.
285 2585 314 2647 εἰ
341 2585 524 2670 βροντήση,
552 2586 690 2670 φθοράν
717 2584 779 2648 ούκ
807 2587 855 2661 εἰς
882 2587 1011 2671 μακράν
1034 2587 1208 2672 ἀνθρώ-το

157 2712 233 2766 ποις
256 2688 389 2756 ἀπειλεῖ.

223 2794 262 2880 η’.
290 2798 320 2860 εί
346 2800 528 2883 βροντήση,
556 2807 690 2884 πρᾶγμα
715 2796 872 2882 μέγιστον
900 2798 1105 2884 ἀναφύσεται
1128 2810 1168 2886 τῇ

157 2907 320 2990 πολιτεία,
343 2903 398 2968 καὶ
422 2906 454 2968 οἱ
477 2901 538 2988 μὲν
562 2906 678 2988 ἰχθύες
702 2904 919 2991 ε’πιδῶσουσι,
943 2907 983 2970 τά
1006 2902 1043 2970 δὲ
1063 2910 1169 2992 θηρία

118 3051 127 3070 .
158 3014 376 3102 φθαρήσεται.

125 3127 145 3182 O
222 3116 266 3182 θ’.
290 3119 320 3182 εί
341 3120 520 3204 βροντήση,
545 3117 688 3184 ἐλάττων
710 3120 730 3203 ή
753 3124 864 3206 κριθή.
1182 3146 1208 3186 25

228 3346 247 3401 8
270 3346 452 3416 φθαρήσεται
479 3364 547 3403 corr
570 3348 604 3404 Η.
610 3353 727 3418 ,ρφθα
729 3348 865 3417 ήεταιθ,
893 3347 1092 3438 φθαρήσονται
1116 3348 1170 3473 Ρήή

161 3418 176 3472 7
196 3418 263 3488 μηνὶ
282 3419 447 3493 φεβροναρ
426 3417 459 3473 ίω
478 3421 506 3474 Ρ
520 3420 595 3474 rubr.
619 3422 628 3490 ή
652 3420 687 3473 ll
707 3420 756 3474 καὶ
775 3423 804 3474 et
822 3392 873 3489 μὲν
892 3422 921 3473 et
939 3418 971 3474 δὲ
990 3436 1043 3474 om.
1063 3420 1091 3472 P
1106 3419 1145 3488 ήῙ

159 3488 236 3543 ἔσται
254 3505 307 3544 om.
328 3490 356 3543 Ρ
371 3492 380 3560 ή
394 3475 447 3543 18
450 3490 544 3554 στάσις
562 3489 640 3546 ἔσται
657 3492 685 3545 Ρ
700 3492 710 3560 fl
724 3490 762 3545 14
781 3491 808 3546 οἱ
826 3507 879 3545 om.
899 3492 947 3562 Ρή
962 3491 997 3545 17
1019 3491 1095 3546 ἔσται
1114 3507 1168 3545 om

160 3561 188 3612 P
203 3561 212 3628 ΙΙ
231 3560 267 3614 18
287 3560 335 3615 καὶ
354 3576 407 3614 om.
427 3561 456 3615 P
472 3564 482 3631 ΙΙ
502 3561 540 3615 22
559 3561 686 3632 μέγιστον
705 3563 749 3633 ΡΙ
765 3561 943 3632 ἀναφνήεται
963 3563 1026 3618 GP:
1045 3579 1114 3617 001‘1‘.
1133 3562 1167 3616 Η,

160 3629 222 3714 οοΠ
241 3649 268 3700 p.
283 3635 326 3700 84,
346 3629 436 3701 51124
455 3633 612 3702 φορήσεται
631 3634 659 3687 Ρ
