<?xml version="1.0" encoding="UTF-8"?>
<!DOCTYPE html PUBLIC "-//W3C//DTD XHTML 1.0 Transitional//EN"
    "http://www.w3.org/TR/xhtml1/DTD/xhtml1-transitional.dtd">
<html xmlns="http://www.w3.org/1999/xhtml" xml:lang="en" lang="en">
 <head>
  <title>
</title>
<meta http-equiv="Content-Type" content="text/html;charset=utf-8" />
  <meta name='ocr-system' content='tesseract 3.04.00' />
  <meta name='ocr-capabilities' content='ocr_page ocr_carea ocr_par ocr_line ocrx_word'/>
</head>
<body>
  <div class='ocr_page' id='page_1' title='image "./joanneslaurenti00wachgoog_0075.png"; bbox 0 0 2490 4124; ppageno 0'>
   <div class='ocr_carea' id='block_1_1' title="bbox 112 231 762 289">
    <p class='ocr_par' dir='ltr' id='par_1_1' title="bbox 112 231 762 289">
     <span class='ocr_line' id='line_1_1' title="bbox 112 231 762 289; baseline -0.002 -3"><span class='ocrx_word' id='word_1_1' title='bbox 112 233 187 287; x_wconf 85' lang='lat' dir='ltr'>LXX</span> <span class='ocrx_word' id='word_1_2' title='bbox 485 231 762 289; x_wconf 81' lang='lat' dir='ltr'><strong>PROLEGOMENA</strong></span> 
     </span>
    </p>
   </div>
   <div class='ocr_carea' id='block_1_2' title="bbox 66 396 1174 1366">
    <p class='ocr_par' dir='ltr' id='par_1_2' title="bbox 66 396 1174 1366">
     <span class='ocr_line' id='line_1_2' title="bbox 118 396 1174 481; baseline -0.001 -20"><span class='ocrx_word' id='word_1_3' title='bbox 118 421 188 461; x_wconf 91' lang='lat' dir='ltr'>nem</span> <span class='ocrx_word' id='word_1_4' title='bbox 211 400 324 477; x_wconf 89' lang='lat' dir='ltr'>scripta</span> <span class='ocrx_word' id='word_1_5' title='bbox 347 419 410 461; x_wconf 90' lang='lat' dir='ltr'>esse</span> <span class='ocrx_word' id='word_1_6' title='bbox 429 405 583 478; x_wconf 78' lang='lat' dir='ltr'>appareat.</span> <span class='ocrx_word' id='word_1_7' title='bbox 620 421 724 461; x_wconf 92' lang='lat' dir='ltr'>eorum</span> <span class='ocrx_word' id='word_1_8' title='bbox 745 401 878 477; x_wconf 88' lang='lat' dir='ltr'>primum</span> <span class='ocrx_word' id='word_1_9' title='bbox 896 399 1017 477; x_wconf 76' lang='lat' dir='ltr'>incipit:</span> <span class='ocrx_word' id='word_1_10' title='bbox 1037 396 1132 481; x_wconf 60' lang='lat' dir='ltr'>‘Hoc&#39;r</span> <span class='ocrx_word' id='word_1_11' title='bbox 1171 430 1174 467; x_wconf 85' lang='lat'>;</span> 
     </span>
     <span class='ocr_line' id='line_1_3' title="bbox 121 485 1132 569; baseline -0.001 -19"><span class='ocrx_word' id='word_1_12' title='bbox 121 489 177 567; x_wconf 77' lang='grc' dir='ltr'>6ης</span> <span class='ocrx_word' id='word_1_13' title='bbox 202 486 306 550; x_wconf 79' lang='grc' dir='ltr'><strong><em>Θέωνι.</em></strong></span> <span class='ocrx_word' id='word_1_14' title='bbox 343 485 491 569; x_wconf 69' lang='lat' dir='ltr'>’Epomeus</span> <span class='ocrx_word' id='word_1_15' title='bbox 518 486 572 569; x_wconf 73' lang='grc' dir='ltr'>μὲν</span> <span class='ocrx_word' id='word_1_16' title='bbox 599 489 737 568; x_wconf 78' lang='grc' dir='ltr'><strong><em>βασιλεὺς</em></strong></span> <span class='ocrx_word' id='word_1_17' title='bbox 763 491 946 568; x_wconf 75' lang='grc' dir='ltr'><strong><em>Πτολεμαῖος</em></strong></span> <span class='ocrx_word' id='word_1_18' title='bbox 972 487 1026 549; x_wconf 77' lang='grc' dir='ltr'>καὶ</span> <span class='ocrx_word' id='word_1_19' title='bbox 1048 491 1132 569; x_wconf 87' lang='grc' dir='ltr'><strong><em>βασι-</em></strong></span> 
     </span>
     <span class='ocr_line' id='line_1_4' title="bbox 115 573 1131 660; baseline -0.001 -21"><span class='ocrx_word' id='word_1_20' title='bbox 115 577 184 651; x_wconf 77' lang='grc' dir='ltr'>λεὺς</span> <span class='ocrx_word' id='word_1_21' title='bbox 213 581 397 658; x_wconf 79' lang='grc' dir='ltr'><em>Πτολεμαῖος</em></span> <span class='ocrx_word' id='word_1_22' title='bbox 424 575 440 638; x_wconf 82' lang='grc' dir='ltr'><em>ὃ</em></span> <span class='ocrx_word' id='word_1_23' title='bbox 469 576 597 657; x_wconf 82' lang='grc' dir='ltr'><em>ἀδελφὸς</em></span> <span class='ocrx_word' id='word_1_24' title='bbox 625 573 703 658; x_wconf 79' lang='grc' dir='ltr'><strong>[καὶ]</strong></span> <span class='ocrx_word' id='word_1_25' title='bbox 733 578 887 658; x_wconf 80' lang='grc' dir='ltr'><strong><em>βασίλισσα</em></strong></span> <span class='ocrx_word' id='word_1_26' title='bbox 913 574 1131 660; x_wconf 78' lang='grc' dir='ltr'><strong><em>Κλεοπάτραὴ</em></strong></span> 
     </span>
     <span class='ocr_line' id='line_1_5' title="bbox 66 656 1174 745; baseline -0.003 -17"><span class='ocrx_word' id='word_1_27' title='bbox 66 703 67 706; x_wconf 61' lang='lat'><em>=</em></span> <span class='ocrx_word' id='word_1_28' title='bbox 116 665 231 745; x_wconf 73' lang='grc' dir='ltr'><em>ἀδελφὴ</em></span> <span class='ocrx_word' id='word_1_29' title='bbox 248 665 300 727; x_wconf 75' lang='grc' dir='ltr'>καὶ</span> <span class='ocrx_word' id='word_1_30' title='bbox 317 665 352 727; x_wconf 81' lang='grc' dir='ltr'>τὰ</span> <span class='ocrx_word' id='word_1_31' title='bbox 369 665 457 727; x_wconf 76' lang='grc' dir='ltr'><strong><em>τέκνα</em></strong></span> <span class='ocrx_word' id='word_1_32' title='bbox 480 672 512 727; x_wconf 90' lang='lat' dir='ltr'>et</span> <span class='ocrx_word' id='word_1_33' title='bbox 535 669 640 728; x_wconf 90' lang='lat' dir='ltr'>datum</span> <span class='ocrx_word' id='word_1_34' title='bbox 662 671 709 727; x_wconf 88' lang='lat' dir='ltr'>est</span> <span class='ocrx_word' id='word_1_35' title='bbox 731 685 832 726; x_wconf 90' lang='lat' dir='ltr'>mense</span> <span class='ocrx_word' id='word_1_36' title='bbox 849 667 960 726; x_wconf 86' lang='lat' dir='ltr'>Mesori</span> <span class='ocrx_word' id='word_1_37' title='bbox 983 686 1064 728; x_wconf 89' lang='lat' dir='ltr'>anno</span> <span class='ocrx_word' id='word_1_38' title='bbox 1079 667 1129 727; x_wconf 92' lang='lat' dir='ltr'>VI.</span> <span class='ocrx_word' id='word_1_39' title='bbox 1172 656 1174 683; x_wconf 91' lang='lat'>&#39;</span> 
     </span>
     <span class='ocr_line' id='line_1_6' title="bbox 115 756 1130 834; baseline -0.002 -18"><span class='ocrx_word' id='word_1_40' title='bbox 115 758 178 817; x_wconf 91' lang='lat' dir='ltr'>iam</span> <span class='ocrx_word' id='word_1_41' title='bbox 201 776 270 816; x_wconf 90' lang='lat' dir='ltr'>cum</span> <span class='ocrx_word' id='word_1_42' title='bbox 293 757 460 817; x_wconf 89' lang='lat' dir='ltr'>Ptolemaei</span> <span class='ocrx_word' id='word_1_43' title='bbox 473 757 533 817; x_wconf 91' lang='lat' dir='ltr'>duo</span> <span class='ocrx_word' id='word_1_44' title='bbox 557 758 667 816; x_wconf 84' lang='lat' dir='ltr'>fratres</span> <span class='ocrx_word' id='word_1_45' title='bbox 681 774 767 834; x_wconf 87' lang='lat' dir='ltr'>reges</span> <span class='ocrx_word' id='word_1_46' title='bbox 781 775 841 816; x_wconf 89' lang='lat' dir='ltr'>non</span> <span class='ocrx_word' id='word_1_47' title='bbox 856 774 920 815; x_wconf 89' lang='lat' dir='ltr'>esse</span> <span class='ocrx_word' id='word_1_48' title='bbox 941 757 1061 832; x_wconf 90' lang='lat' dir='ltr'>possint</span> <span class='ocrx_word' id='word_1_49' title='bbox 1074 756 1130 815; x_wconf 89' lang='lat' dir='ltr'>nisi</span> 
     </span>
     <span class='ocr_line' id='line_1_7' title="bbox 119 844 1129 923; baseline -0.002 -18"><span class='ocrx_word' id='word_1_50' title='bbox 119 847 307 906; x_wconf 75' lang='lat' dir='ltr'><strong>Philometor</strong></span> <span class='ocrx_word' id='word_1_51' title='bbox 329 849 360 905; x_wconf 89' lang='lat' dir='ltr'>et</span> <span class='ocrx_word' id='word_1_52' title='bbox 382 847 549 923; x_wconf 84' lang='lat' dir='ltr'>Euergetes</span> <span class='ocrx_word' id='word_1_53' title='bbox 571 845 603 904; x_wconf 90' lang='lat' dir='ltr'>H</span> <span class='ocrx_word' id='word_1_54' title='bbox 626 848 681 905; x_wconf 90' lang='lat' dir='ltr'>aut</span> <span class='ocrx_word' id='word_1_55' title='bbox 703 845 791 904; x_wconf 82' lang='lat' dir='ltr'>Soter</span> <span class='ocrx_word' id='word_1_56' title='bbox 808 844 840 903; x_wconf 90' lang='lat' dir='ltr'>H</span> <span class='ocrx_word' id='word_1_57' title='bbox 863 847 895 904; x_wconf 88' lang='lat' dir='ltr'>et</span> <span class='ocrx_word' id='word_1_58' title='bbox 916 844 1129 922; x_wconf 83' lang='lat' dir='ltr'>Alexanderl,</span> 
     </span>
     <span class='ocr_line' id='line_1_8' title="bbox 119 932 1130 1013; baseline -0.002 -19"><span class='ocrx_word' id='word_1_59' title='bbox 119 934 302 994; x_wconf 87' lang='lat' dir='ltr'>Letronnius</span> <span class='ocrx_word' id='word_1_60' title='bbox 324 937 431 994; x_wconf 79' lang='lat' dir='ltr'>uoticcs</span> <span class='ocrx_word' id='word_1_61' title='bbox 449 939 497 994; x_wconf 83' lang='lat' dir='ltr'>etc.</span> <span class='ocrx_word' id='word_1_62' title='bbox 521 956 549 1011; x_wconf 92' lang='lat' dir='ltr'>p.</span> <span class='ocrx_word' id='word_1_63' title='bbox 571 936 613 995; x_wconf 86' lang='lat'>30</span> <span class='ocrx_word' id='word_1_64' title='bbox 623 952 667 1011; x_wconf 87' lang='lat' dir='ltr'>sq.</span> <span class='ocrx_word' id='word_1_65' title='bbox 690 934 727 993; x_wconf 93' lang='lat' dir='ltr'>de</span> <span class='ocrx_word' id='word_1_66' title='bbox 754 934 850 993; x_wconf 90' lang='lat' dir='ltr'>altero</span> <span class='ocrx_word' id='word_1_67' title='bbox 878 933 946 1011; x_wconf 87' lang='lat' dir='ltr'>peri</span> <span class='ocrx_word' id='word_1_68' title='bbox 974 932 1130 1013; x_wconf 85' lang='lat' dir='ltr'>cogitavit.</span> 
     </span>
     <span class='ocr_line' id='line_1_9' title="bbox 121 1023 1129 1101; baseline 0 -19"><span class='ocrx_word' id='word_1_69' title='bbox 121 1026 227 1083; x_wconf 89' lang='lat' dir='ltr'>contra</span> <span class='ocrx_word' id='word_1_70' title='bbox 256 1023 422 1082; x_wconf 90' lang='lat' dir='ltr'>Brunetius</span> <span class='ocrx_word' id='word_1_71' title='bbox 451 1044 481 1100; x_wconf 85' lang='lat' dir='ltr'>p.</span> <span class='ocrx_word' id='word_1_72' title='bbox 505 1025 545 1082; x_wconf 82' lang='lat'>32</span> <span class='ocrx_word' id='word_1_73' title='bbox 559 1041 602 1100; x_wconf 90' lang='lat' dir='ltr'>sq.</span> <span class='ocrx_word' id='word_1_74' title='bbox 626 1023 732 1101; x_wconf 85' lang='lat' dir='ltr'>evicit,</span> <span class='ocrx_word' id='word_1_75' title='bbox 763 1023 848 1099; x_wconf 89' lang='lat' dir='ltr'>prius</span> <span class='ocrx_word' id='word_1_76' title='bbox 875 1041 932 1099; x_wconf 90' lang='lat' dir='ltr'>par</span> <span class='ocrx_word' id='word_1_77' title='bbox 960 1023 1032 1101; x_wconf 89' lang='lat' dir='ltr'>diei,</span> <span class='ocrx_word' id='word_1_78' title='bbox 1064 1024 1083 1081; x_wconf 91' lang='lat' dir='ltr'>i.</span> <span class='ocrx_word' id='word_1_79' title='bbox 1106 1041 1129 1082; x_wconf 92' lang='lat' dir='ltr'>e.</span> 
     </span>
     <span class='ocr_line' id='line_1_10' title="bbox 122 1109 1130 1190; baseline -0.001 -19"><span class='ocrx_word' id='word_1_80' title='bbox 122 1113 225 1171; x_wconf 88' lang='lat' dir='ltr'>datam</span> <span class='ocrx_word' id='word_1_81' title='bbox 250 1131 317 1172; x_wconf 88' lang='lat' dir='ltr'>eam</span> <span class='ocrx_word' id='word_1_82' title='bbox 335 1113 494 1189; x_wconf 88' lang='lat' dir='ltr'>epistolam</span> <span class='ocrx_word' id='word_1_83' title='bbox 518 1130 582 1172; x_wconf 88' lang='lat' dir='ltr'>esse</span> <span class='ocrx_word' id='word_1_84' title='bbox 605 1131 683 1172; x_wconf 87' lang='lat' dir='ltr'>enno</span> <span class='ocrx_word' id='word_1_85' title='bbox 704 1115 766 1171; x_wconf 86' lang='grc'>165</span> <span class='ocrx_word' id='word_1_86' title='bbox 786 1130 813 1170; x_wconf 91' lang='lat' dir='ltr'>a.</span> <span class='ocrx_word' id='word_1_87' title='bbox 833 1109 913 1190; x_wconf 74' lang='lat' dir='ltr'>Chr,</span> <span class='ocrx_word' id='word_1_88' title='bbox 936 1112 1044 1189; x_wconf 88' lang='lat' dir='ltr'>itaque</span> <span class='ocrx_word' id='word_1_89' title='bbox 1064 1115 1130 1170; x_wconf 88' lang='lat' dir='ltr'>ante</span> 
     </span>
     <span class='ocr_line' id='line_1_11' title="bbox 120 1200 1129 1277; baseline -0.001 -17"><span class='ocrx_word' id='word_1_90' title='bbox 120 1220 232 1260; x_wconf 92' lang='lat' dir='ltr'>annum</span> <span class='ocrx_word' id='word_1_91' title='bbox 249 1202 311 1262; x_wconf 88' lang='lat'>165</span> <span class='ocrx_word' id='word_1_92' title='bbox 336 1202 578 1261; x_wconf 76' lang='lat' dir='ltr'>dissertationem</span> <span class='ocrx_word' id='word_1_93' title='bbox 596 1201 826 1260; x_wconf 82' lang='lat' dir='ltr'>astronomicam</span> <span class='ocrx_word' id='word_1_94' title='bbox 846 1200 1046 1277; x_wconf 83' lang='lat' dir='ltr'>compositam</span> <span class='ocrx_word' id='word_1_95' title='bbox 1069 1218 1129 1260; x_wconf 90' lang='lat' dir='ltr'>esse</span> 
     </span>
     <span class='ocr_line' id='line_1_12' title="bbox 121 1288 1130 1366; baseline -0.004 -16"><span class='ocrx_word' id='word_1_96' title='bbox 121 1293 351 1350; x_wconf 80' lang='lat' dir='ltr'>consectaneum</span> <span class='ocrx_word' id='word_1_97' title='bbox 374 1292 429 1349; x_wconf 89' lang='lat' dir='ltr'>est.</span> <span class='ocrx_word' id='word_1_98' title='bbox 476 1290 566 1350; x_wconf 88' lang='lat' dir='ltr'>etiam</span> <span class='ocrx_word' id='word_1_99' title='bbox 594 1290 775 1349; x_wconf 85' lang='lat' dir='ltr'>arctioribus</span> <span class='ocrx_word' id='word_1_100' title='bbox 801 1288 912 1348; x_wconf 89' lang='lat' dir='ltr'>finibus</span> <span class='ocrx_word' id='word_1_101' title='bbox 933 1292 1056 1366; x_wconf 87' lang='lat' dir='ltr'>tempus</span> <span class='ocrx_word' id='word_1_102' title='bbox 1079 1289 1130 1347; x_wconf 92' lang='lat' dir='ltr'>cir-</span> 
     </span>
    </p>
   </div>
   <div class='ocr_carea' id='block_1_3' title="bbox 4 1378 1130 1455">
    <p class='ocr_par' dir='ltr' id='par_1_3' title="bbox 4 1378 1130 1455">
     <span class='ocr_line' id='line_1_13' title="bbox 4 1378 1130 1455; baseline -0.002 -16"><span class='ocrx_word' id='word_1_103' title='bbox 4 1416 9 1427; x_wconf 72' lang='lat'><strong>·</strong></span> <span class='ocrx_word' id='word_1_104' title='bbox 120 1379 311 1455; x_wconf 87' lang='lat' dir='ltr'>onmecripsit</span> <span class='ocrx_word' id='word_1_105' title='bbox 328 1378 499 1438; x_wconf 80' lang='lat' dir='ltr'>Boeolrhius</span> <span class='ocrx_word' id='word_1_106' title='bbox 517 1379 727 1439; x_wconf 71' lang='lat' dir='ltr'>Sceneokreese</span> <span class='ocrx_word' id='word_1_107' title='bbox 749 1399 778 1455; x_wconf 90' lang='lat' dir='ltr'>p.</span> <span class='ocrx_word' id='word_1_108' title='bbox 794 1381 856 1438; x_wconf 81' lang='grc'>197</span> <span class='ocrx_word' id='word_1_109' title='bbox 867 1396 910 1454; x_wconf 93' lang='lat' dir='ltr'>sq.</span> <span class='ocrx_word' id='word_1_110' title='bbox 929 1379 1014 1438; x_wconf 89' lang='lat' dir='ltr'>nisus</span> <span class='ocrx_word' id='word_1_111' title='bbox 1033 1378 1130 1437; x_wconf 83' lang='lat' dir='ltr'>verbis</span> 
     </span>
    </p>
   </div>
   <div class='ocr_carea' id='block_1_4' title="bbox 116 1477 1135 3000">
    <p class='ocr_par' dir='ltr' id='par_1_4' title="bbox 116 1477 1133 2027">
     <span class='ocr_line' id='line_1_14' title="bbox 116 1477 1130 1568; baseline -0.001 -25"><span class='ocrx_word' id='word_1_112' title='bbox 116 1482 259 1568; x_wconf 73' lang='grc' dir='ltr'>Εὐδόξῳ,</span> <span class='ocrx_word' id='word_1_113' title='bbox 281 1483 457 1568; x_wconf 77' lang='grc' dir='ltr'><strong><em>Δημοκρίτῳ</em></strong></span> <span class='ocrx_word' id='word_1_114' title='bbox 475 1483 635 1565; x_wconf 66' lang='lat' dir='ltr'>perurgeret</span> <span class='ocrx_word' id='word_1_115' title='bbox 648 1482 754 1564; x_wconf 75' lang='grc' dir='ltr'><strong><em>τροπαὶ</em></strong></span> <span class='ocrx_word' id='word_1_116' title='bbox 764 1477 858 1564; x_wconf 79' lang='grc' dir='ltr'>Ἀθὺρ</span> <span class='ocrx_word' id='word_1_117' title='bbox 877 1479 923 1543; x_wconf 74' lang='grc' dir='ltr'>ὁτὲ</span> <span class='ocrx_word' id='word_1_118' title='bbox 943 1480 998 1563; x_wconf 61' lang='grc' dir='ltr'>μὲν</span> <span class='ocrx_word' id='word_1_119' title='bbox 1017 1488 1063 1563; x_wconf 82' lang='grc' dir='ltr'>Κ,</span> <span class='ocrx_word' id='word_1_120' title='bbox 1086 1479 1130 1544; x_wconf 77' lang='grc' dir='ltr'>ὁτὲ</span> 
     </span>
     <span class='ocr_line' id='line_1_15' title="bbox 120 1582 1131 1673; baseline -0.002 -23"><span class='ocrx_word' id='word_1_121' title='bbox 120 1586 153 1650; x_wconf 81' lang='grc' dir='ltr'>δὲ</span> <span class='ocrx_word' id='word_1_122' title='bbox 176 1590 222 1649; x_wconf 77' lang='lat' dir='ltr'>Ie</span> <span class='ocrx_word' id='word_1_123' title='bbox 245 1582 367 1672; x_wconf 88' lang='lat' dir='ltr'>(colum.</span> <span class='ocrx_word' id='word_1_124' title='bbox 390 1589 476 1649; x_wconf 87' lang='lat' dir='ltr'>XXII</span> <span class='ocrx_word' id='word_1_125' title='bbox 498 1612 527 1652; x_wconf 87' lang='lat' dir='ltr'>v.</span> <span class='ocrx_word' id='word_1_126' title='bbox 548 1583 636 1673; x_wconf 82' lang='lat'>516).</span> <span class='ocrx_word' id='word_1_127' title='bbox 676 1610 807 1668; x_wconf 88' lang='lat' dir='ltr'>namque</span> <span class='ocrx_word' id='word_1_128' title='bbox 822 1591 1079 1651; x_wconf 88' lang='lat' dir='ltr'>docuitbrumam</span> <span class='ocrx_word' id='word_1_129' title='bbox 1097 1609 1131 1650; x_wconf 88' lang='lat' dir='ltr'>ex</span> 
     </span>
     <span class='ocr_line' id='line_1_16' title="bbox 120 1680 1131 1757; baseline 0.002 -19"><span class='ocrx_word' id='word_1_130' title='bbox 120 1680 289 1740; x_wconf 90' lang='lat' dir='ltr'>calendario</span> <span class='ocrx_word' id='word_1_131' title='bbox 314 1680 500 1757; x_wconf 81' lang='lat' dir='ltr'>Aegyptiace</span> <span class='ocrx_word' id='word_1_132' title='bbox 524 1680 572 1740; x_wconf 92' lang='lat' dir='ltr'>die</span> <span class='ocrx_word' id='word_1_133' title='bbox 599 1683 648 1740; x_wconf 88' lang='grc'>19.</span> <span class='ocrx_word' id='word_1_134' title='bbox 662 1680 774 1739; x_wconf 87' lang='lat' dir='ltr'>mensis</span> <span class='ocrx_word' id='word_1_135' title='bbox 797 1680 899 1757; x_wconf 83' lang='lat' dir='ltr'>Athyr</span> <span class='ocrx_word' id='word_1_136' title='bbox 916 1680 1003 1740; x_wconf 90' lang='lat' dir='ltr'>annis</span> <span class='ocrx_word' id='word_1_137' title='bbox 1024 1683 1131 1740; x_wconf 84' lang='grc'><strong>197-</strong></span> 
     </span>
     <span class='ocr_line' id='line_1_17' title="bbox 124 1769 1133 1847; baseline 0 -19"><span class='ocrx_word' id='word_1_138' title='bbox 124 1771 202 1847; x_wconf 82' lang='lat'>194,</span> <span class='ocrx_word' id='word_1_139' title='bbox 226 1769 273 1828; x_wconf 90' lang='lat' dir='ltr'>die</span> <span class='ocrx_word' id='word_1_140' title='bbox 299 1771 348 1829; x_wconf 83' lang='lat'>20.</span> <span class='ocrx_word' id='word_1_141' title='bbox 374 1769 508 1828; x_wconf 90' lang='lat' dir='ltr'>eiusdem</span> <span class='ocrx_word' id='word_1_142' title='bbox 530 1770 641 1829; x_wconf 90' lang='lat' dir='ltr'>mensis</span> <span class='ocrx_word' id='word_1_143' title='bbox 669 1769 755 1827; x_wconf 89' lang='lat' dir='ltr'>annis</span> <span class='ocrx_word' id='word_1_144' title='bbox 780 1770 956 1828; x_wconf 85' lang='lat'>193-190</span> <span class='ocrx_word' id='word_1_145' title='bbox 978 1770 1133 1846; x_wconf 90' lang='lat' dir='ltr'>accidisse,</span> 
     </span>
     <span class='ocr_line' id='line_1_18' title="bbox 120 1855 1132 1936; baseline 0.001 -19"><span class='ocrx_word' id='word_1_146' title='bbox 120 1861 153 1918; x_wconf 92' lang='lat' dir='ltr'>et</span> <span class='ocrx_word' id='word_1_147' title='bbox 175 1858 244 1917; x_wconf 91' lang='lat' dir='ltr'>inde</span> <span class='ocrx_word' id='word_1_148' title='bbox 268 1858 404 1936; x_wconf 80' lang='lat' dir='ltr'>collegit,</span> <span class='ocrx_word' id='word_1_149' title='bbox 427 1857 507 1917; x_wconf 89' lang='lat' dir='ltr'>circa</span> <span class='ocrx_word' id='word_1_150' title='bbox 532 1877 625 1917; x_wconf 92' lang='lat' dir='ltr'>annos</span> <span class='ocrx_word' id='word_1_151' title='bbox 651 1859 826 1918; x_wconf 82' lang='lat'>193-190</span> <span class='ocrx_word' id='word_1_152' title='bbox 850 1857 991 1935; x_wconf 85' lang='lat' dir='ltr'>„Eudoxi</span> <span class='ocrx_word' id='word_1_153' title='bbox 1015 1855 1132 1918; x_wconf 81' lang='lat' dir='ltr'>artem“</span> 
     </span>
     <span class='ocr_line' id='line_1_19' title="bbox 122 1938 517 2027; baseline 0 -21"><span class='ocrx_word' id='word_1_154' title='bbox 122 1946 324 2023; x_wconf 88' lang='lat' dir='ltr'>conscriptam</span> <span class='ocrx_word' id='word_1_155' title='bbox 346 1938 474 2027; x_wconf 75' lang='lat' dir='ltr'>esse.&#39;¹4).</span> <span class='ocrx_word' id='word_1_156' title='bbox 515 2023 517 2027; x_wconf 39' lang='lat'>.</span> 
     </span>
    </p>

    <p class='ocr_par' dir='ltr' id='par_1_5' title="bbox 118 2034 1135 3000">
     <span class='ocr_line' id='line_1_20' title="bbox 186 2034 1135 2112; baseline 0.002 -19"><span class='ocrx_word' id='word_1_157' title='bbox 186 2035 302 2096; x_wconf 89' lang='lat' dir='ltr'>Ultimo</span> <span class='ocrx_word' id='word_1_158' title='bbox 331 2038 396 2095; x_wconf 90' lang='lat' dir='ltr'>loco</span> <span class='ocrx_word' id='word_1_159' title='bbox 420 2067 463 2075; x_wconf 91' lang='lat'><em>—</em></span> <span class='ocrx_word' id='word_1_160' title='bbox 486 2054 524 2094; x_wconf 89' lang='lat' dir='ltr'>ne</span> <span class='ocrx_word' id='word_1_161' title='bbox 548 2035 621 2112; x_wconf 90' lang='lat' dir='ltr'>quid</span> <span class='ocrx_word' id='word_1_162' title='bbox 649 2035 767 2094; x_wconf 87' lang='lat' dir='ltr'>deesset</span> <span class='ocrx_word' id='word_1_163' title='bbox 794 2035 876 2111; x_wconf 93' lang='lat' dir='ltr'>quod</span> <span class='ocrx_word' id='word_1_164' title='bbox 898 2034 937 2094; x_wconf 90' lang='lat' dir='ltr'>ad</span> <span class='ocrx_word' id='word_1_165' title='bbox 959 2036 1135 2095; x_wconf 87' lang='lat' dir='ltr'>calendaria</span> 
     </span>
     <span class='ocr_line' id='line_1_21' title="bbox 120 2123 1134 2202; baseline 0 -18"><span class='ocrx_word' id='word_1_166' title='bbox 120 2123 236 2184; x_wconf 81' lang='lat' dir='ltr'>Graeca</span> <span class='ocrx_word' id='word_1_167' title='bbox 259 2125 362 2201; x_wconf 88' lang='lat' dir='ltr'>aliqua</span> <span class='ocrx_word' id='word_1_168' title='bbox 386 2142 422 2182; x_wconf 86' lang='lat' dir='ltr'>ex</span> <span class='ocrx_word' id='word_1_169' title='bbox 444 2126 531 2199; x_wconf 87' lang='lat' dir='ltr'>parte</span> <span class='ocrx_word' id='word_1_170' title='bbox 553 2123 720 2200; x_wconf 84' lang='lat' dir='ltr'>pertineret</span> <span class='ocrx_word' id='word_1_171' title='bbox 747 2156 789 2164; x_wconf 90' lang='lat'>-</span> <span class='ocrx_word' id='word_1_172' title='bbox 817 2123 966 2201; x_wconf 83' lang='lat' dir='ltr'>congessi,</span> <span class='ocrx_word' id='word_1_173' title='bbox 1000 2144 1080 2202; x_wconf 91' lang='lat' dir='ltr'>quae</span> <span class='ocrx_word' id='word_1_174' title='bbox 1103 2126 1134 2183; x_wconf 92' lang='lat' dir='ltr'>in</span> 
     </span>
     <span class='ocr_line' id='line_1_22' title="bbox 121 2204 1135 2295; baseline 0.005 -26"><span class='ocrx_word' id='word_1_175' title='bbox 121 2204 342 2293; x_wconf 75' lang='lat' dir='ltr'>Varronis45)</span> <span class='ocrx_word' id='word_1_176' title='bbox 363 2215 393 2271; x_wconf 91' lang='lat' dir='ltr'>et</span> <span class='ocrx_word' id='word_1_177' title='bbox 412 2210 636 2271; x_wconf 79' lang='lat' dir='ltr'>Columellae</span> <span class='ocrx_word' id='word_1_178' title='bbox 656 2213 692 2271; x_wconf 91' lang='lat' dir='ltr'>de</span> <span class='ocrx_word' id='word_1_179' title='bbox 710 2232 741 2272; x_wconf 93' lang='lat' dir='ltr'>re</span> <span class='ocrx_word' id='word_1_180' title='bbox 759 2213 874 2272; x_wconf 90' lang='lat' dir='ltr'>rustica</span> <span class='ocrx_word' id='word_1_181' title='bbox 891 2204 1034 2295; x_wconf 52' lang='lat' dir='ltr'>librisffi),</span> <span class='ocrx_word' id='word_1_182' title='bbox 1053 2215 1135 2291; x_wconf 90' lang='lat' dir='ltr'>apud</span> 
     </span>
     <span class='ocr_line' id='line_1_23' title="bbox 122 2293 1135 2384; baseline 0.002 -24"><span class='ocrx_word' id='word_1_183' title='bbox 122 2301 351 2360; x_wconf 84' lang='lat' dir='ltr'>Polemonem</span> <span class='ocrx_word' id='word_1_184' title='bbox 375 2300 530 2362; x_wconf 84' lang='lat' dir='ltr'>Silvium</span> <span class='ocrx_word' id='word_1_185' title='bbox 554 2305 585 2360; x_wconf 92' lang='lat' dir='ltr'>et</span> <span class='ocrx_word' id='word_1_186' title='bbox 607 2301 858 2361; x_wconf 83' lang='lat' dir='ltr'>Florentinum</span> <span class='ocrx_word' id='word_1_187' title='bbox 882 2293 928 2384; x_wconf 90' lang='lat' dir='ltr'>(in</span> <span class='ocrx_word' id='word_1_188' title='bbox 952 2300 1135 2380; x_wconf 82' lang='lat' dir='ltr'>Geoponicis</span> 
     </span>
     <span class='ocr_line' id='line_1_24' title="bbox 125 2383 1134 2471; baseline 0 -22"><span class='ocrx_word' id='word_1_189' title='bbox 125 2388 246 2449; x_wconf 87' lang='lat' dir='ltr'>Graecis</span> <span class='ocrx_word' id='word_1_190' title='bbox 269 2383 338 2471; x_wconf 87' lang='lat'>11)</span> <span class='ocrx_word' id='word_1_191' title='bbox 367 2408 403 2448; x_wconf 86' lang='lat' dir='ltr'>ex</span> <span class='ocrx_word' id='word_1_192' title='bbox 431 2390 601 2449; x_wconf 90' lang='lat' dir='ltr'>calendario</span> <span class='ocrx_word' id='word_1_193' title='bbox 628 2390 740 2449; x_wconf 90' lang='lat' dir='ltr'>rustico</span> <span class='ocrx_word' id='word_1_194' title='bbox 768 2390 879 2450; x_wconf 89' lang='lat' dir='ltr'>hausta</span> <span class='ocrx_word' id='word_1_195' title='bbox 902 2407 967 2449; x_wconf 90' lang='lat' dir='ltr'>esse</span> <span class='ocrx_word' id='word_1_196' title='bbox 990 2391 1134 2451; x_wconf 86' lang='lat' dir='ltr'>videntur</span> 
     </span>
     <span class='ocr_line' id='line_1_25' title="bbox 120 2478 1135 2556; baseline 0.001 -19"><span class='ocrx_word' id='word_1_197' title='bbox 120 2479 255 2537; x_wconf 87' lang='lat' dir='ltr'>Romano</span> <span class='ocrx_word' id='word_1_198' title='bbox 276 2498 310 2538; x_wconf 90' lang='lat' dir='ltr'>eo</span> <span class='ocrx_word' id='word_1_199' title='bbox 333 2478 463 2556; x_wconf 91' lang='lat' dir='ltr'>quidem,</span> <span class='ocrx_word' id='word_1_200' title='bbox 482 2479 534 2538; x_wconf 93' lang='lat' dir='ltr'>sed</span> <span class='ocrx_word' id='word_1_201' title='bbox 554 2478 686 2538; x_wconf 81' lang='lat' dir='ltr'>Graecae</span> <span class='ocrx_word' id='word_1_202' title='bbox 704 2480 871 2556; x_wconf 89' lang='lat' dir='ltr'>prosapiae.</span> <span class='ocrx_word' id='word_1_203' title='bbox 904 2480 1135 2540; x_wconf 90' lang='lat' dir='ltr'>Polemonem</span> 
     </span>
     <span class='ocr_line' id='line_1_26' title="bbox 122 2562 1135 2647; baseline 0.004 -23"><span class='ocrx_word' id='word_1_204' title='bbox 122 2567 202 2626; x_wconf 91' lang='lat' dir='ltr'>enim</span> <span class='ocrx_word' id='word_1_205' title='bbox 225 2566 392 2644; x_wconf 81' lang='lat' dir='ltr'>Silvium,</span> <span class='ocrx_word' id='word_1_206' title='bbox 421 2568 565 2643; x_wconf 90' lang='lat' dir='ltr'>quicum</span> <span class='ocrx_word' id='word_1_207' title='bbox 588 2587 666 2627; x_wconf 88' lang='lat' dir='ltr'>anno</span> <span class='ocrx_word' id='word_1_208' title='bbox 689 2588 719 2644; x_wconf 89' lang='lat' dir='ltr'>p.</span> <span class='ocrx_word' id='word_1_209' title='bbox 738 2566 805 2627; x_wconf 85' lang='lat' dir='ltr'>Ohr.</span> <span class='ocrx_word' id='word_1_210' title='bbox 825 2562 919 2647; x_wconf 72' lang='lat' dir='ltr'>448l9</span> <span class='ocrx_word' id='word_1_211' title='bbox 949 2568 1135 2628; x_wconf 87' lang='lat' dir='ltr'>describeret</span> 
     </span>
     <span class='ocr_line' id='line_1_27' title="bbox 124 2647 1134 2739; baseline 0.003 -26"><span class='ocrx_word' id='word_1_212' title='bbox 124 2656 306 2714; x_wconf 86' lang='lat' dir='ltr'>laterculum</span> <span class='ocrx_word' id='word_1_213' title='bbox 329 2647 517 2715; x_wconf 88' lang='lat' dir='ltr'>notissimum</span> <span class='ocrx_word' id='word_1_214' title='bbox 539 2657 624 2716; x_wconf 83' lang='lat' dir='ltr'>Furii</span> <span class='ocrx_word' id='word_1_215' title='bbox 642 2656 783 2733; x_wconf 86' lang='lat' dir='ltr'>Dionysii</span> <span class='ocrx_word' id='word_1_216' title='bbox 806 2657 954 2717; x_wconf 84' lang='lat' dir='ltr'>Philocali</span> <span class='ocrx_word' id='word_1_217' title='bbox 977 2649 1019 2739; x_wconf 89' lang='lat' dir='ltr'>(a.</span> <span class='ocrx_word' id='word_1_218' title='bbox 1044 2649 1134 2738; x_wconf 82' lang='lat'>354),</span> 
     </span>
     <span class='ocr_line' id='line_1_28' title="bbox 124 2744 1133 2825; baseline 0.003 -23"><span class='ocrx_word' id='word_1_219' title='bbox 124 2744 223 2803; x_wconf 91' lang='lat' dir='ltr'>multa</span> <span class='ocrx_word' id='word_1_220' title='bbox 246 2744 368 2821; x_wconf 90' lang='lat' dir='ltr'>quidem</span> <span class='ocrx_word' id='word_1_221' title='bbox 391 2745 504 2823; x_wconf 90' lang='lat' dir='ltr'>omisit,</span> <span class='ocrx_word' id='word_1_222' title='bbox 533 2746 585 2804; x_wconf 88' lang='lat' dir='ltr'>sed</span> <span class='ocrx_word' id='word_1_223' title='bbox 607 2749 729 2822; x_wconf 87' lang='lat' dir='ltr'>praeter</span> <span class='ocrx_word' id='word_1_224' title='bbox 751 2746 812 2805; x_wconf 87' lang='lat' dir='ltr'>alia</span> <span class='ocrx_word' id='word_1_225' title='bbox 834 2749 995 2806; x_wconf 84' lang='lat' dir='ltr'>ventorum</span> <span class='ocrx_word' id='word_1_226' title='bbox 1017 2750 1133 2825; x_wconf 89' lang='lat' dir='ltr'>tempe·</span> 
     </span>
     <span class='ocr_line' id='line_1_29' title="bbox 122 2833 1133 2913; baseline 0 -19"><span class='ocrx_word' id='word_1_227' title='bbox 122 2837 238 2894; x_wconf 89' lang='lat' dir='ltr'>statum</span> <span class='ocrx_word' id='word_1_228' title='bbox 261 2833 464 2910; x_wconf 89' lang='lat' dir='ltr'>similiumque</span> <span class='ocrx_word' id='word_1_229' title='bbox 483 2834 682 2894; x_wconf 89' lang='lat' dir='ltr'>indicationes</span> <span class='ocrx_word' id='word_1_230' title='bbox 701 2835 829 2913; x_wconf 89' lang='lat' dir='ltr'>addidit,</span> <span class='ocrx_word' id='word_1_231' title='bbox 852 2835 1048 2895; x_wconf 88' lang='lat' dir='ltr'>haecomnia</span> <span class='ocrx_word' id='word_1_232' title='bbox 1071 2839 1133 2894; x_wconf 90' lang='lat' dir='ltr'>sta-</span> 
     </span>
     <span class='ocr_line' id='line_1_30' title="bbox 118 2921 1133 3000; baseline -0.001 -17"><span class='ocrx_word' id='word_1_233' title='bbox 118 2925 173 2984; x_wconf 90' lang='lat' dir='ltr'>tuo</span> <span class='ocrx_word' id='word_1_234' title='bbox 196 2943 256 2983; x_wconf 89' lang='lat' dir='ltr'>non</span> <span class='ocrx_word' id='word_1_235' title='bbox 280 2941 315 2981; x_wconf 87' lang='lat' dir='ltr'>ex</span> <span class='ocrx_word' id='word_1_236' title='bbox 339 2923 404 2999; x_wconf 93' lang='lat' dir='ltr'>ipso</span> <span class='ocrx_word' id='word_1_237' title='bbox 428 2921 596 2983; x_wconf 80' lang='lat' dir='ltr'>Columella</span> <span class='ocrx_word' id='word_1_238' title='bbox 618 2924 763 3000; x_wconf 88' lang='lat' dir='ltr'>hausisse,</span> <span class='ocrx_word' id='word_1_239' title='bbox 786 2924 839 2982; x_wconf 90' lang='lat' dir='ltr'>sed</span> <span class='ocrx_word' id='word_1_240' title='bbox 862 2942 898 2982; x_wconf 88' lang='lat' dir='ltr'>ex</span> <span class='ocrx_word' id='word_1_241' title='bbox 917 2924 1008 2983; x_wconf 90' lang='lat' dir='ltr'>simili</span> <span class='ocrx_word' id='word_1_242' title='bbox 1032 2925 1133 2984; x_wconf 91' lang='lat' dir='ltr'>calen-</span> 
     </span>
    </p>
   </div>
   <div class='ocr_carea' id='block_1_5' title="bbox 117 3108 1134 3663">
    <p class='ocr_par' dir='ltr' id='par_1_6' title="bbox 139 3108 1134 3236">
     <span class='ocr_line' id='line_1_31' title="bbox 188 3108 1134 3181; baseline -0.001 -17"><span class='ocrx_word' id='word_1_243' title='bbox 188 3113 233 3179; x_wconf 82' lang='lat'>44)</span> <span class='ocrx_word' id='word_1_244' title='bbox 254 3109 288 3164; x_wconf 86' lang='lat' dir='ltr'>cf.</span> <span class='ocrx_word' id='word_1_245' title='bbox 309 3109 397 3164; x_wconf 88' lang='lat' dir='ltr'>etiam</span> <span class='ocrx_word' id='word_1_246' title='bbox 415 3108 537 3164; x_wconf 90' lang='lat' dir='ltr'>Vincent</span> <span class='ocrx_word' id='word_1_247' title='bbox 557 3110 664 3165; x_wconf 84' lang='lat' dir='ltr'>‘Reyue</span> <span class='ocrx_word' id='word_1_248' title='bbox 683 3109 851 3179; x_wconf 74' lang='lat' dir='ltr'>archeolog.&#39;</span> <span class='ocrx_word' id='word_1_249' title='bbox 872 3127 898 3164; x_wconf 93' lang='lat' dir='ltr'>n.</span> <span class='ocrx_word' id='word_1_250' title='bbox 914 3126 966 3166; x_wconf 83' lang='lat' dir='ltr'>ser.</span> <span class='ocrx_word' id='word_1_251' title='bbox 981 3110 1020 3165; x_wconf 83' lang='lat' dir='ltr'>Vl</span> <span class='ocrx_word' id='word_1_252' title='bbox 1040 3112 1134 3181; x_wconf 83' lang='lat'>(1865)</span> 
     </span>
     <span class='ocr_line' id='line_1_32' title="bbox 139 3187 263 3236; baseline -0.008 -1"><span class='ocrx_word' id='word_1_253' title='bbox 139 3187 235 3236; x_wconf 83' lang='lat' dir='ltr'>‚160s</span> <span class='ocrx_word' id='word_1_254' title='bbox 258 3225 263 3234; x_wconf 93' lang='lat'>.</span> 
     </span>
    </p>

    <p class='ocr_par' dir='ltr' id='par_1_7' title="bbox 117 3199 1132 3393">
     <span class='ocr_line' id='line_1_33' title="bbox 117 3199 1132 3322; baseline 0 -16"><span class='ocrx_word' id='word_1_255' title='bbox 117 3199 137 3250; x_wconf 70' lang='lat' dir='ltr'>p</span> <span class='ocrx_word' id='word_1_256' title='bbox 187 3199 287 3322; x_wconf 76' lang='lat' dir='ltr'>45)qde</span> <span class='ocrx_word' id='word_1_257' title='bbox 301 3251 434 3307; x_wconf 87' lang='lat' dir='ltr'>Varronis</span> <span class='ocrx_word' id='word_1_258' title='bbox 449 3251 609 3307; x_wconf 90' lang='lat' dir='ltr'>calendario</span> <span class='ocrx_word' id='word_1_259' title='bbox 624 3252 764 3322; x_wconf 87' lang='lat' dir='ltr'>sagaciter</span> <span class='ocrx_word' id='word_1_260' title='bbox 783 3251 843 3321; x_wconf 88' lang='lat' dir='ltr'>egit</span> <span class='ocrx_word' id='word_1_261' title='bbox 855 3252 951 3322; x_wconf 86' lang='lat' dir='ltr'>Unger</span> <span class='ocrx_word' id='word_1_262' title='bbox 968 3251 987 3307; x_wconf 93' lang='lat' dir='ltr'>l.</span> <span class='ocrx_word' id='word_1_263' title='bbox 1003 3270 1025 3307; x_wconf 86' lang='lat' dir='ltr'>s.</span> <span class='ocrx_word' id='word_1_264' title='bbox 1043 3272 1071 3322; x_wconf 94' lang='lat' dir='ltr'>p.</span> <span class='ocrx_word' id='word_1_265' title='bbox 1088 3258 1132 3320; x_wconf 82' lang='lat'>73,</span> 
     </span>
     <span class='ocr_line' id='line_1_34' title="bbox 118 3322 910 3393; baseline 0 -16"><span class='ocrx_word' id='word_1_266' title='bbox 118 3339 291 3392; x_wconf 85' lang='lat' dir='ltr'>quamquam</span> <span class='ocrx_word' id='word_1_267' title='bbox 308 3341 353 3379; x_wconf 91' lang='lat' dir='ltr'>me</span> <span class='ocrx_word' id='word_1_268' title='bbox 371 3342 428 3379; x_wconf 91' lang='lat' dir='ltr'>non</span> <span class='ocrx_word' id='word_1_269' title='bbox 446 3341 557 3393; x_wconf 86' lang='lat' dir='ltr'>prorsus</span> <span class='ocrx_word' id='word_1_270' title='bbox 576 3324 663 3378; x_wconf 83' lang='lat' dir='ltr'>habet</span> <span class='ocrx_word' id='word_1_271' title='bbox 681 3322 910 3378; x_wconf 88' lang='lat' dir='ltr'>consentientem.</span> 
     </span>
    </p>

    <p class='ocr_par' dir='ltr' id='par_1_8' title="bbox 117 3392 1131 3663">
     <span class='ocr_line' id='line_1_35' title="bbox 191 3392 1131 3465; baseline -0.003 -17"><span class='ocrx_word' id='word_1_272' title='bbox 191 3398 237 3465; x_wconf 88' lang='grc'>46)</span> <span class='ocrx_word' id='word_1_273' title='bbox 265 3396 303 3449; x_wconf 89' lang='lat' dir='ltr'>ad</span> <span class='ocrx_word' id='word_1_274' title='bbox 327 3412 361 3450; x_wconf 89' lang='lat' dir='ltr'>ea</span> <span class='ocrx_word' id='word_1_275' title='bbox 386 3412 459 3464; x_wconf 86' lang='lat' dir='ltr'>quae</span> <span class='ocrx_word' id='word_1_276' title='bbox 484 3395 539 3449; x_wconf 94' lang='lat' dir='ltr'>huc</span> <span class='ocrx_word' id='word_1_277' title='bbox 567 3395 710 3464; x_wconf 89' lang='lat' dir='ltr'>pertinent</span> <span class='ocrx_word' id='word_1_278' title='bbox 738 3394 910 3449; x_wconf 85' lang='lat' dir='ltr'>recensenda</span> <span class='ocrx_word' id='word_1_279' title='bbox 938 3394 1020 3464; x_wconf 90' lang='lat' dir='ltr'>potui</span> <span class='ocrx_word' id='word_1_280' title='bbox 1051 3392 1131 3448; x_wconf 86' lang='lat' dir='ltr'>edhi-</span> 
     </span>
     <span class='ocr_line' id='line_1_36' title="bbox 121 3464 1131 3536; baseline 0 -19"><span class='ocrx_word' id='word_1_281' title='bbox 121 3464 188 3520; x_wconf 89' lang='lat' dir='ltr'>bere</span> <span class='ocrx_word' id='word_1_282' title='bbox 208 3465 478 3536; x_wconf 74' lang='lat' dir='ltr'>sangermanensem</span> <span class='ocrx_word' id='word_1_283' title='bbox 500 3466 637 3536; x_wconf 89' lang='lat' dir='ltr'>codicem,</span> <span class='ocrx_word' id='word_1_284' title='bbox 662 3466 740 3520; x_wconf 90' lang='lat' dir='ltr'>euius</span> <span class='ocrx_word' id='word_1_285' title='bbox 764 3469 925 3520; x_wconf 87' lang='lat' dir='ltr'>accuratam</span> <span class='ocrx_word' id='word_1_286' title='bbox 950 3465 1131 3521; x_wconf 87' lang='lat' dir='ltr'>collationem</span> 
     </span>
     <span class='ocr_line' id='line_1_37' title="bbox 121 3534 1131 3608; baseline 0.001 -20"><span class='ocrx_word' id='word_1_287' title='bbox 121 3534 266 3590; x_wconf 80' lang='lat' dir='ltr'>H&#39;etussner</span> <span class='ocrx_word' id='word_1_288' title='bbox 279 3537 415 3592; x_wconf 87' lang='lat' dir='ltr'>Badensis</span> <span class='ocrx_word' id='word_1_289' title='bbox 425 3541 517 3591; x_wconf 88' lang='lat' dir='ltr'>rcotor</span> <span class='ocrx_word' id='word_1_290' title='bbox 526 3537 666 3608; x_wconf 87' lang='lat' dir='ltr'>gymnasii</span> <span class='ocrx_word' id='word_1_291' title='bbox 680 3537 740 3607; x_wconf 89' lang='lat' dir='ltr'>ipse</span> <span class='ocrx_word' id='word_1_292' title='bbox 754 3536 880 3592; x_wconf 88' lang='lat' dir='ltr'>instituit</span> <span class='ocrx_word' id='word_1_293' title='bbox 888 3537 1014 3606; x_wconf 89' lang='lat' dir='ltr'>mihique</span> <span class='ocrx_word' id='word_1_294' title='bbox 1027 3536 1131 3590; x_wconf 87' lang='lat' dir='ltr'>libera·</span> 
     </span>
     <span class='ocr_line' id='line_1_38' title="bbox 117 3606 500 3663; baseline 0.003 -2"><span class='ocrx_word' id='word_1_295' title='bbox 117 3606 184 3661; x_wconf 89' lang='lat' dir='ltr'>liter</span> <span class='ocrx_word' id='word_1_296' title='bbox 201 3608 338 3662; x_wconf 86' lang='lat' dir='ltr'>utendum</span> <span class='ocrx_word' id='word_1_297' title='bbox 356 3608 500 3663; x_wconf 87' lang='lat' dir='ltr'>concessit.</span> 
     </span>
    </p>
   </div>
   <div class='ocr_carea' id='block_1_6' title="bbox 0 0 1255 4124">
    <p class='ocr_par' dir='ltr' id='par_1_9' title="bbox 0 0 1255 4124">
     <span class='ocr_line' id='line_1_39' title="bbox 0 0 1255 4124; baseline 0 0"><span class='ocrx_word' id='word_1_298' title='bbox 0 0 1255 4124; x_wconf 95' lang='lat' dir='ltr'> </span> 
     </span>
    </p>
   </div>
  </div>
 </body>
</html>
