2490 4124
179 247 296 302 XXVIII
544 245 820 302 PROLEGOMENA
940 288 946 311 ,

180 435 240 475 non
277 416 375 475 solum
407 414 573 475 Varronem
608 414 825 492 Nigidiumqus
863 417 1002 474 auctores
1036 433 1101 474 esse
1126 435 1195 491 pro-

179 496 322 585 latos²⁷),
358 505 411 563 sed
437 505 535 563 redire
568 504 606 562 ad
645 523 714 563 eum
750 503 842 562 etiam
879 503 979 562 omnia
1012 504 1067 562 illa
1099 504 1195 565 huius

180 593 301 670 capitis,
315 611 413 761 ²guae
443 593 523 669 apud
553 593 687 652 Plinium
715 592 777 668 legi
806 592 838 651 in
865 592 1059 651 adnotatione
1086 593 1202 652 critica¹

180 674 341 758 exposui.8

247 770 431 829 Vicellius
454 770 608 829 Romanus
630 769 718 828 homo
743 771 790 828 est
811 786 935 846 prorsus
958 769 1095 846 ignotus,
1121 789 1194 830 con-

179 860 265 918 fusus
298 858 371 918 olim
388 859 478 936 ¹male
508 877 578 917 cum
606 857 729 935 Nigidio
757 848 922 937 Figulo.²⁹)
968 857 1033 916 eius
1063 855 1197 937 ῥήμασιν

180 946 299 1024 αὐτοῖς,
335 949 371 1005 ut
407 946 451 1005 ait
485 946 604 1024 Lydus,
642 947 792 1006 translata
829 946 1002 1006 dissertatio
1039 949 1126 1006 extat
1161 947 1196 1007 in

181 1054 244 1112 cap.
265 1037 410 1112 55—58,
434 1035 545 1112 inqua
567 1035 635 1094 fuse
659 1036 794 1111 exponit,
817 1035 944 1112 inques
966 1034 1105 1112 regiones
1129 1039 1192 1095 ter-

179 1142 232 1182 rae
254 1126 393 1183 motuum
416 1123 650 1201 significationes
669 1124 792 1183 soleant
815 1123 979 1195 secundum
1001 1124 1074 1183 solis
1098 1126 1193 1185 collo·

181 1212 329 1272 actionem
352 1212 384 1271 in
408 1212 535 1288 singulis
558 1212 672 1271 zodiaci
695 1212 798 1289 signis.
843 1213 875 1271 in
898 1212 954 1270 hac
977 1212 1196 1273 dIstributione

181 1319 250 1360 oum
273 1301 360 1359 anxie
383 1300 551 1360 Ptolemaei
574 1300 785 1360 auctoritatem
814 1303 960 1378 sequatur
984 1297 1062 1379 ¹(fuit
1090 1307 1197 1362 autem

179 1408 292 1467 magna
306 1389 527 1466 astrologorum
545 1389 576 1447 in
595 1407 631 1448 ea
648 1408 680 1448 re
700 1381 874 1471 dissensio),
897 1392 967 1466 post
985 1389 1196 1450 Ptolemaeum

181 1477 293 1538 vixerit
314 1494 434 1536 necesse
457 1480 517 1553 est,
546 1477 694 1555 siqnidem
717 1497 822 1538 revera
844 1479 936 1537 huius
958 1478 1064 1554 scripti
1086 1483 1198 1539 auctor

182 1569 238 1643 est,
262 1566 416 1626 Visellius.
465 1566 503 1625 ab
533 1585 567 1625 eo
599 1565 691 1624 etiam
720 1567 885 1627 tonitruale
915 1568 947 1625 in
976 1585 1039 1643 oap.
1060 1569 1195 1629 23-26

121 1724 124 1730 .
183 1655 247 1714 sine
271 1657 395 1714 auctore
418 1655 605 1731 propositum
629 1658 660 1712 et
686 1673 845 1737 perperam
872 1656 904 1713 in
927 1655 1067 1714 Palatino
1091 1656 1197 1716 codice

181 1743 309 1804 Fonteio
333 1744 483 1804 tributum
505 1746 541 1803 ut
559 1746 691 1820 repetas,
719 1744 835 1821 cogeris
859 1763 910 1821 eo,
942 1743 1023 1820 quod
1050 1762 1122 1802 cum
1150 1763 1198 1805 ce·

181 1833 254 1893 teris
282 1833 314 1892 in
341 1833 432 1892 rebus
459 1832 587 1892 Vioellio
616 1832 803 1891 simillimum
830 1835 898 1891 tum
926 1832 1022 1891 eidem
1048 1851 1197 1893 zonarum

182 1921 390 1982 distributioni
413 1921 665 2000 ethnographicae
690 1923 932 1997 superstructum
954 1927 1009 1980 est.

246 2010 350 2069 Etiam
372 2011 573 2070 Labeonem
597 2010 687 2068 multi
704 2011 842 2087 fuerunt,
867 2009 920 2087 qui
940 2009 1109 2069 Antistium
1129 2029 1196 2070 esse

184 2097 393 2175 opinarentur,
422 2099 472 2158 vel
501 2118 536 2158 eo
567 2098 683 2157 seducti
714 2098 886 2175 quodcum
910 2096 1071 2174 Capitone,
1102 2092 1196 2176 quem

182 2186 308 2245 Ateium
338 2204 401 2245 esse
432 2186 489 2245 sibi
517 2187 734 2265 persuaserint,
765 2187 955 2247 consociatus
986 2178 1088 2268 est.³⁰)
1143 2189 1197 2248 sed

182 2274 258 2333 iuris
283 2276 420 2335 consulto
443 2274 492 2333 hio
510 2275 587 2333 nihil
606 2278 652 2335 est
666 2274 789 2352 negotii.
822 2279 927 2335 contra
941 2275 1083 2354 Λαβεών,
1107 2277 1199 2338 cuius

183 2364 397 2440 explicationes
424 2363 491 2422 Iani
519 2362 652 2424 Oonsivii
683 2367 713 2424 et
736 2363 893 2423 Februarii
916 2364 1115 2442 Platonisque
1141 2367 1196 2424 Fe·

184 2452 253 2511 brui
267 2453 370 2530 Lydus
385 2453 421 2511 de
440 2453 591 2512 mensibus
604 2453 677 2511 IVl
695 2456 725 2512 et
741 2455 783 2512 20
806 2454 902 2530 affert,
925 2453 1019 2512 fuerit
1037 2451 1198 2514 Cornelius

182 2540 296 2617 Labeo,
326 2542 379 2617 qni
409 2539 490 2617 apud
518 2541 705 2600 Macrobium
733 2533 860 2622 (saturn.
884 2541 899 2600 I
924 2544 974 2617 16,
995 2544 1034 2601 29
1081 2535 1197 2618 ‘primo

183 2630 333 2688 fastorum
350 2623 444 2689 libro’
463 2630 604 2688 nundInis
627 2630 719 2688 ferias
743 2648 805 2690 esse
829 2621 1038 2706 pronunciac⁸1
1059 2655 1067 2708 3
1090 2631 1197 2709 itaque

255 2765 306 2833 27)
319 2763 395 2831 quod
412 2765 488 2817 recte
506 2764 602 2816 monet
621 2763 767 2832 Swoboda,
787 2763 882 2834 Nigid.
901 2763 1000 2832 reliqu.
1020 2783 1047 2834 p.
1062 2769 1104 2819 42.

255 2837 299 2902 28)
317 2833 383 2888 vide
402 2833 615 2888 adnotationem
632 2838 674 2887 26.

213 2928 216 2937 ·
255 2908 300 2975 29)
319 2904 484 2960 aCreuzero
500 2903 643 2974 symbolis.
658 2904 713 2960 vol.
727 2905 754 2958 Π
772 2924 798 2975 p.
815 2911 866 2959 927
881 2906 945 2960 adn.
962 2911 1012 2960 132
1033 2907 1066 2967 et¹
1081 2905 1199 2962 Schnei-

185 2977 251 3032 dero
270 2976 329 3030 ind.
349 2976 386 3030 ad
405 2976 499 3045 script.
519 2975 561 3030 rei
579 2975 674 3030 rustic.
693 2994 720 3057 p.
736 2982 795 3030 358.
932 3015 936 3024 .
988 2986 992 2994 '

112 3096 114 3100 ,
255 3052 299 3117 30)
319 3047 347 3102 Ο,
362 3048 393 3102 B.
405 3047 492 3116 Hase,
511 3047 595 3100 Hertz
616 3047 650 3100 de
664 3046 759 3116 ngid.
778 3065 805 3116 p.
821 3053 863 3115 32,
882 3047 1015 3101 Huschke
1033 3047 1052 3102 l.
1068 3066 1090 3103 s.
1109 3067 1136 3118 p.
1152 3055 1197 3119 43,

184 3118 211 3175 Ο.
227 3119 256 3172 F.
274 3118 403 3173 Schultze
422 3118 440 3173 1.
461 3136 481 3173 s.
500 3136 527 3187 p.
542 3123 584 3171 39.

256 3192 301 3258 31)
317 3190 351 3245 of.
361 3189 478 3258 Merkel,
492 3188 598 3259 proleg.
610 3187 679 3242 Ovd.
690 3188 765 3243 Fast.
780 3207 807 3258 p.
816 3188 948 3242 LXXVII.
964 3188 1022 3244 scio
1031 3188 1198 3260 Wissowae,

185 3262 219 3315 de
237 3261 360 3316 Macrob.
386 3264 491 3316 saturn.
509 3261 579 3315 font.
598 3277 625 3328 p.
641 3265 674 3313 26
697 3259 836 3315 Macrobii
859 3259 942 3328 culpa
967 3260 1128 3314 Cornelium
1145 3278 1197 3330 pro

184 3332 308 3388 AntistIo
333 3331 457 3402 positum
482 3331 584 3399 videri,
616 3332 707 3385 totam
733 3331 805 3384 enirn
832 3331 906 3384 hanc
931 3330 1137 3400 expositionem
1162 3349 1198 3386 ex

185 3402 319 3458 Suetonio
338 3405 470 3457 haustam
493 3419 562 3458 esse.
601 3402 650 3455 sed
672 3401 794 3470 primum
816 3400 887 3454 mihi
905 3418 961 3455 non
979 3405 1105 3469 constat,
1128 3421 1196 3456 num

184 3472 269 3542 plane
282 3474 448 3529 incredibile
463 3473 508 3542 sit,
528 3472 642 3527 aliunde
661 3472 770 3541 aliquid
789 3472 961 3541 adspersisse
980 3473 1118 3543 excerptis
1138 3473 1196 3527 suis

185 3543 363 3598 Suetonianis
382 3544 569 3611 Macrobinm;
594 3543 695 3598 deinde
714 3542 869 3597 Antistium
886 3543 974 3597 fastos
999 3544 1197 3614 conscripsisse

185 3630 276 3682 neque
294 3615 431 3669 traditum
450 3618 493 3669 est
510 3631 602 3682 neque
620 3631 670 3683 per
689 3630 717 3668 se
735 3613 778 3667 ita
796 3613 855 3667 veri
870 3614 974 3683 simile;
994 3615 1116 3684 denique
1131 3616 1195 3670 Cor-
