2490 4124
111 226 161 281 LX
483 226 759 282 PROLEGOMENA

182 395 381 456 Democriti
416 394 598 474 παράπηγμα
631 395 662 453 in
692 396 830 472 catalogo
854 395 1001 454 librorum
1029 396 1121 473 philo‘

118 485 203 561 sophi
234 485 314 560 apud
344 484 501 542 Laertium
530 485 696 562 Diogenem
720 483 810 542 VIIII
829 487 871 543 48
905 485 1029 560 ponitur
1056 484 1123 562 post

116 573 228 632 librum
257 573 306 632 cui
335 573 510 632 inscribitur
539 569 628 652 μέγας
658 569 791 644 ἐνιαυτὸς
814 569 834 650 ἢ
857 569 1052 653 ἀστρονομίη,
1076 572 1118 632 oui

118 662 195 721 libro
225 680 410 738 parapegma
437 661 587 720 adnexum
613 653 753 742 fuissa¹⁷)
780 665 817 720 ut
843 681 898 738 per
921 681 952 721 se
975 662 1119 739 probabile

118 755 176 828 est,
199 751 244 810 ita
267 750 422 810 stabilitur
444 769 488 827 eo,
512 751 593 827 quod
616 769 634 809 a
657 749 819 809 scholiasta
842 751 997 827 Apollonii
1020 751 1122 811 Rhodii

116 840 147 898 H
170 861 197 900 v.
219 841 303 899 1098
327 859 357 915 p.
377 840 456 915 442,
476 841 516 897 27
536 837 613 900 Keil.
658 838 822 898 laudantur
844 838 1011 898 Democriti
1036 837 1068 900 ἐν
1088 843 1124 922 τῷ

116 925 183 1007 περὶ
206 924 403 1007 ἀστρονομίας
426 927 712 1004 animadversioneS,
736 947 813 1005 quae
832 947 891 987 non
915 932 1044 1004 possunt
1066 948 1125 988 esse

118 1017 233 1094 petitae
257 1017 315 1075 nisi
339 1035 374 1074 ex
398 1015 568 1075 calendario
587 1007 708 1094 ips0.1⁸)
750 1017 920 1092 fragmenta
944 1018 1009 1077 eius
1033 1019 1127 1076 calen-

121 1105 198 1164 darii
220 1109 377 1181 praeterea
401 1123 419 1163 a
448 1103 572 1163 Gemino
601 1108 632 1164 et
660 1105 833 1165 Ptolemaeo
862 1108 982 1164 servata
1005 1109 1130 1166 suntet

118 1193 211 1252 habes
237 1213 272 1252 ea
296 1197 343 1252 sat
366 1193 561 1270 neglegenter
588 1195 715 1253 collecta
738 1212 756 1251 a
778 1194 942 1253 Mullachio
966 1195 1131 1255 Democriti

120 1283 225 1360 fragm.
249 1302 277 1358 p.
294 1284 393 1341 231-
406 1283 477 1352 235,
496 1282 604 1341 melius
620 1282 657 1341 ab
672 1282 727 1342 Ad.
743 1282 878 1341 Schmidt
891 1283 910 1342 1.
930 1292 956 1341 a:
967 1304 995 1360 p.
1010 1286 1077 1342 475
1090 1304 1130 1362 sq.

121 1374 313 1431 accesserunt
330 1370 451 1429 interim
473 1389 588 1446 paucae
612 1389 665 1430 eaa
688 1371 973 1449 animadversiones,
998 1392 1078 1449 quae
1101 1375 1133 1432 in

117 1478 233 1536 papyro
256 1459 375 1517 Eudoxi
393 1459 500 1517 colum.
514 1459 601 1517 XXII
616 1463 647 1518 et
659 1459 761 1519 XXIII
774 1460 920 1538 leguntur
935 1452 986 1541 (cf.
1000 1462 1132 1521 Bocchh.

119 1547 329 1607 Sonueolcreise
351 1568 379 1624 p.
395 1549 446 1624 89,
463 1550 501 1606 91
515 1565 571 1625 sq,
597 1551 658 1607 197
670 1567 713 1623 sq.
744 1541 866 1626 Unger²
887 1570 916 1626 p.
933 1551 997 1608 736
1010 1543 1079 1632 sq).

185 1627 488 1715 Euctemonem¹⁹)
521 1641 624 1695 autem
655 1637 785 1696 Metonis
813 1637 928 1697 socium
955 1638 1050 1698 fuisse
1080 1659 1134 1717 per

119 1725 287 1801 complures
315 1727 407 1784 testes
440 1728 571 1802 constat,
602 1725 810 1802 Hipparchum
842 1745 890 1802 ap.
921 1727 1134 1798 Ptolemaeum

119 1815 227 1892 almag.
246 1814 292 1874 III
309 1817 327 1872 2
346 1834 374 1890 p.
393 1816 453 1873 162
473 1813 572 1873 Halm.
598 1806 667 1894 (τὴν
694 1811 751 1874 ὑπὸ
774 1823 833 1874 τῶν
855 1812 922 1894 περὶ
944 1813 1080 1876 Μέτωνα
1103 1838 1133 1876 τε

118 1901 169 1962 καὶ
200 1901 381 1981 Εὐκτήμονα
413 1899 612 1982 τετηρημένην
647 1900 773 1983 θερινὴν
807 1899 944 1982 τροπήν),
982 1907 1132 1966 Ammiau.

120 1993 285 2051 Marcellin.
301 1992 400 2050 XXVI
416 1996 443 2069 1,
468 1990 639 2067 Callippum
662 1995 740 2051 teste
764 1992 900 2052 Eudemo
928 2012 976 2069 ap.
1001 1994 1134 2070 Simplic.

120 2081 152 2138 in
175 2081 301 2140 Aristot.
326 2080 362 2138 da
390 2080 473 2138 caelo
496 2100 524 2155 p.
541 2081 636 2157 500⁸,
665 2081 874 2140 Ptolemaeum
896 2082 928 2139 in
951 2081 1010 2141 fine
1035 2085 1133 2142 calen-

119 2169 196 2226 darii
220 2161 260 2245 (p.
278 2170 351 2244 275,
367 2159 410 2248 8).
448 2167 527 2226 idem
545 2169 689 2228 laudatur
708 2169 749 2234 ,ab
767 2169 884 2229 Avieno
908 2170 944 2228 do
969 2190 1021 2230 ora
1044 2173 1134 2230 mari·

120 2257 196 2316 tima
217 2277 244 2316 v.
260 2259 301 2316 47
328 2257 499 2334 „popularis
523 2257 606 2316 urbis
629 2253 767 2317 Atticae“
791 2250 842 2339 (cf.
862 2279 890 2318 v.
906 2252 999 2340 350),
1023 2280 1051 2320 v.
1069 2263 1131 2320 337

123 2476 248 2529 eaquae
268 2458 381 2514 Caesari
400 2475 417 2511 a
435 2459 596 2514 Ptolemaeo
620 2460 817 2515 adscribuntur
840 2465 890 2515 aut
913 2479 947 2516 ex
966 2463 1024 2517 alio
1045 2464 1135 2518 dicta-

122 2531 191 2584 toris
211 2531 315 2600 scripto
334 2546 423 2598 eoque
442 2531 600 2600 antiquiore
619 2533 669 2585 aut
688 2534 724 2587 ab
740 2532 796 2587 alio
815 2533 981 2602 cognomine
997 2535 1133 2604 scriptore

123 2601 251 2670 profecta
269 2618 329 2655 esse
348 2600 456 2655 statuit.

193 2675 248 2741 17)Ι
261 2672 369 2726 nullam
392 2674 488 2726 tamen
510 2673 593 2728 video
616 2673 747 2728 idoneam
770 2692 896 2745 causam,
921 2693 1053 2730 curcum
1073 2677 1133 2732 sal-

119 2742 209 2797 masio
236 2743 272 2796 ad
299 2743 384 2798 Solin.
409 2762 435 2812 p.
451 2750 503 2798 594
529 2744 571 2799 ad.
595 2744 695 2800 Vltrai.
721 2745 899 2815 scripturam,
927 2764 1013 2815 quam
1037 2765 1135 2802 omnes

121 2813 187 2867 libri
213 2813 309 2884 (etiam
334 2814 434 2885 optimi
457 2813 483 2867 ei
506 2832 576 2883 quos
600 2815 660 2885 ipse
684 2816 792 2870 excussi
814 2817 997 2871 Laurentiani
1017 2823 1046 2872 et
1065 2821 1134 2872 Bur-

120 2884 248 2956 bonicus)
267 2888 389 2954 tuentur,
408 2887 547 2939 mutemus
571 2887 717 2941 conflando
738 2887 856 2941 duorum
879 2888 1016 2942 librorum
1034 2890 1136 2944 titulos

120 2957 173 3011 hoc
200 2957 297 3012 modo:
326 2954 412 3026 μέγας
439 2956 566 3019 ἐνιαυτὸς
589 2956 606 3026 ἢ
631 2956 815 3028 ἀοτρονομίης
840 2958 1029 3030 παράπηγμα,
1059 2963 1135 3030 quod

121 3028 213 3097 ipsum
233 3032 261 3081 et
280 3030 378 3081 contra
396 3026 586 3082 Graecitatem
605 3033 633 3083 et
652 3032 748 3083 contra
766 3029 905 3084 rationem
922 3033 1038 3100 pugnat.

194 3102 237 3170 18)
256 3098 361 3169 legitur
379 3097 433 3153 ibi:
458 3096 529 3152 κατὰ
548 3099 599 3168 τὴν
619 3097 749 3170 ἐπιτολὴν
768 3109 817 3154 τοῦ
836 3101 993 3171 ἀρκτούρου
1013 3105 1136 3173 σφοδροὶ

121 3170 306 3242 αατοιγέονται
336 3169 447 3243 ὄμβροι,
476 3169 513 3232 ὥς
535 3189 605 3239 φησι
628 3171 802 3240 Δημόκριτος
825 3169 856 3226 ἐν
879 3178 916 3244 τῷ
944 3173 1009 3243 περὶ
1037 3176 1135 3243 ἀστρο·

121 3244 227 3309 νομέας.
262 3245 385 3296 ceterum
399 3240 503 3295 iudicio
521 3259 583 3296 meo
604 3243 768 3312 subscripsit
790 3242 842 3297 Ad.
858 3243 985 3298 Schmidt
1008 3249 1046 3315 (p.
1062 3250 1136 3313 472),

121 3312 170 3380 qui
186 3319 249 3394 ..4²⁶
269 3331 308 3381 sq.
346 3311 406 3383 egit
434 3312 468 3367 de
493 3311 552 3367 eius
577 3314 667 3384 cyclo,
690 3332 717 3383 p.
741 3320 792 3368 471
813 3332 872 3382 sqq.
901 3315 936 3369 de
960 3314 1019 3370 eius
1044 3316 1136 3387 epise-

120 3400 226 3437 masus.
314 3429 317 3436 .

194 3458 237 3525 19)
255 3454 330 3510 inter
348 3472 395 3509 eos
414 3454 462 3523 qui
485 3458 604 3510 siderum
627 3463 702 3511 ονταο
724 3463 749 3510 et
767 3473 876 3511 occasus
899 3464 1136 3528 tempestatumque

123 3527 293 3594 significatus
313 3526 494 3580 observarunt
511 3527 645 3580 laudatur
664 3544 680 3580 a
698 3527 827 3581 Vitruvio
847 3528 923 3581 VIIII
941 3535 972 3595 4,
992 3528 1068 3582 inter
1087 3547 1136 3584 en-

122 3595 369 3650 neadecaeteridos
388 3596 547 3651 intentores
567 3614 584 3651 a
602 3597 719 3652 Gemino
738 3597 807 3668 isag.
828 3616 850 3652 e.
865 3598 904 3651 VI
922 3617 948 3667 p.
965 3605 996 3651 37
1008 3599 1046 3652 D.
