2490 4124
159 249 223 314 106
491 247 580 302 LYDI
596 247 644 303 DE
664 245 838 303 OSTENTIS

217 409 353 488 Ἥλιος
376 409 461 495 <ἐν>
483 408 630 496 τοξότη.
675 410 756 476 ὅταν
778 407 816 474 δέ
837 411 931 493 ήλιος
954 408 1007 475 ἐπὶ
1029 407 1169 494 τοξότην

157 516 302 602 γίνηται,
321 519 352 583 εἰ
369 521 581 602 κατενεχθείη
598 517 760 603 κεραυνὸς
774 515 827 581 ἐπὶ
840 517 936 601 ύλην,
955 517 1169 603 ἐμπρησμοὺς

153 635 229 702 Ιταῖς
256 623 378 690 ναυσίν
401 624 535 691 ἀπειλεῖ.
579 625 609 693 εἰ
633 621 670 688 δὲ
695 622 748 689 ἐπὶ
770 633 920 708 ποταμοῦ
943 628 1169 709 κατενεχθείη,

157 730 323 815 πολέμους
340 729 396 797 καί
415 735 598 816 ναυμαχίας
617 734 779 814 σημαίνει,
798 731 843 807 ὡς
862 729 1005 817 ἐρήμους
1021 735 1170 810 πολλοὺς

122 837 194 905 Ι)ε’κ
225 847 283 923 τής
314 839 467 921 τοιαύτης
499 836 626 922 ἐφόδου
659 835 826 920 γενέσθαι.
871 841 1005 921 κίνησιν
1036 835 1074 903 δὲ
1106 840 1171 925 οὐχ
1198 861 1210 903 5

157 945 275 1028 ήκιστα
302 944 430 1009 ἀπειλεῖ
453 947 610 1030 Περσῶν,
637 930 693 1008 καί
721 944 853 1009 ἔνδειαν
876 954 948 1021 ταῖς
969 948 1170 1032 πολιοκρου-

158 1048 273 1133 μέναις
295 1050 360 1115 ὑπὸ
384 1054 551 1134 πολεμίων
573 1052 720 1114 πόλεσιν.
758 1050 788 1113 εἰ
811 1046 848 1114 δέ
870 1050 954 1135 πρὸς
976 1060 1048 1128 ταῖς
1069 1049 1170 1134 ἡλίου

160 1158 302 1241 δυσμαῖς
342 1157 485 1240 σκηπτὸς
525 1159 753 1241 κατενεχθείη,
795 1155 979 1240 ἐμφυλίους
1016 1162 1170 1242 σημαίνει

106 1265 311 1349 186Αμιίχας·
331 1261 401 1328 ἀλλ’
421 1264 482 1329 οὐκ
502 1265 549 1340 εἰς
566 1266 690 1350 χρόνον
708 1262 923 1347 ἐκταθήσεται
944 1265 985 1329 τὰ
1002 1274 1060 1348 τής
1080 1267 1171 1351 διχο-

158 1374 267 1453 νοίας,
298 1374 471 1456 κρείττονα
498 1367 535 1436 δέ
562 1374 653 1436 ἐσται
679 1372 720 1435 τά
746 1371 935 1458 πράγματα,
964 1371 1075 1437 αὐτῶν
1102 1385 1171 1439 τῶν
1184 1396 1221 1436 ια

159 1477 275 1541 αἰτίων
297 1485 354 1560 τής
377 1477 521 1554 στάσεας
544 1474 797 1561 ἀπολλυμένων,
820 1477 904 1542 ὥστε
926 1478 964 1542 τὸ
986 1481 1171 1564 πολίτευμα
1185 1505 1209 1545 11

160 1583 292 1668 εἰρήνης
315 1581 509 1648 ἀπολαῦσαι.

224 1758 276 1825 52.
302 1757 437 1837 Ἥλιος
463 1759 548 1845 <ἐν>
579 1761 780 1848 αἰνόκερφ.
825 1761 907 1825 κατὰ
938 1761 1015 1824 τόδε
1047 1772 1168 1848 καιροῦ

158 1868 319 1953 κεραυνὸς
337 1870 615 1954 καταφερόμενος,
634 1864 686 1952 ἐφ’
706 1866 746 1932 ὃν
764 1865 806 1931 ἀν
824 1871 1037 1952 κατενεχθείη
1056 1871 1171 1953 τόπον,

158 1976 294 2058 γενικήν
318 1976 450 2062 ἰλαρίαν
474 1977 642 2058 σημαίνει,
667 1975 802 2059 εἰρήνην
824 1997 860 2039 τε
881 1985 953 2052 ταῖς
974 1977 1092 2040 πόλεσι
1115 1975 1172 2041 καί
1185 1999 1210 2041 15

128 2081 343 2166 Βεύκαρπίαν
370 2091 440 2158 τοῖς
467 2080 582 2166 ἀγροῖς
605 2082 744 2145 ἐπαινόν
766 2103 800 2144 τε
823 2089 893 2156 τοῖς
915 2083 1090 2162 βασιλεῦσι
1113 2093 1171 2166 τής

161 2191 335 2264 πολιτείας.

217 2310 352 2388 Ἥλιος
374 2310 454 2394 <ἐν>
477 2310 664 2398 ὑδροχόφ.
705 2312 788 2375 κατὰ
811 2307 848 2374 δὲ
871 2311 930 2374 τὸν
952 2311 1071 2397 καιρὸν
1094 2321 1170 2377 τοῦ-

158 2442 218 2483 τον
245 2419 274 2482 εἰ
299 2418 461 2503 κεραυνὸς
483 2420 711 2502 κατενεχθείη,
740 2416 902 2502 ἐκδρομὰς
923 2428 991 2482 τῶν
1013 2429 1171 2501 ποταμῶν

159 2525 285 2589 ἀπειλεῖ
316 2522 371 2588 καί
403 2524 613 2608 ἀφανισμοὺς
644 2533 712 2588 τῶν
744 2526 883 2609 χωρίων.
929 2525 965 2588 τὸ
1000 2519 1037 2588 δέ
1066 2523 1169 2611 θέρος
1184 2555 1210 2594 20

157 2632 328 2707 καυσῶδες
356 2634 461 2715 ἐσται,
488 2629 544 2696 καί
571 2629 747 2706 ἐλάττωσις
770 2636 866 2694 οἰνου
890 2628 945 2695 καί
969 2630 1096 2715 ἐλαίου,
1126 2633 1171 2710 ὡς

157 2740 304 2813 πολλοὺς
327 2736 362 2801 ἐκ
385 2745 443 2821 τής
465 2737 594 2814 ἐνδείας
616 2737 819 2821 μετανάστας
841 2735 1009 2820 γενέσθαι.

111 2890 117 2901 ·
217 2861 352 2939 Ἥλιος
385 2862 470 2947 <ἐν>
503 2863 676 2947 ἰχθύσιν.
730 2862 810 2926 όταν
847 2858 884 2926 δέ
917 2861 997 2945 <ἐν>
1031 2863 1170 2946 ἰχθύσιν

157 2972 252 3054 ήλιος
274 2968 419 3054 γίνηται,
443 2971 472 3034 εἰ
494 2970 656 3056 κεραυνὸς
678 2971 902 3053 κατενεχθείη,
928 2969 1027 3051 ζάλην
1049 2979 1088 3055 πή
1107 2976 1170 3035 θα-

158 3078 264 3164 λιίσση
288 3076 425 3160 ἀπειλεῖ,
448 3079 592 3159 ναυαγία
611 3072 648 3141 δὲ
667 3078 757 3140 ἔσται
775 3077 903 3161 βαρεῖα,
927 3073 982 3139 καί
1001 3075 1169 3163 ἀνατροπὴ
1185 3103 1210 3144 ετ

128 3181 219 3268 Ομέν
245 3195 312 3249 τῶν
340 3185 485 3269 ἰχθύων,
514 3183 734 3268 ὀχληθήσεται
757 3180 795 3246 δέ
818 3180 920 3247 οὐδὲν
941 3179 1042 3266 ήττον
1063 3184 1084 3267 ή
1106 3185 1170 3249 θοί-

158 3296 263 3357 λασσα
290 3292 355 3358 ὑπὸ
383 3301 557 3377 πειρατῶν.
602 3288 678 3367 νέος
706 3288 746 3354 δέ
769 3313 820 3366 τις
847 3289 985 3373 εὐγενής
1013 3306 1170 3377 στρατευ-

229 3555 248 3608 3
266 3556 396 3610 ἀποτελεῖ
413 3556 440 3609 L
463 3558 472 3625 ΙΙ
496 3555 533 3609 16
555 3556 650 3625 ὑγροῖς
668 3554 695 3608 L
717 3556 726 3624 ΙΙ
750 3553 798 3608 16.
819 3554 855 3608 17
874 3562 923 3623 τῆς
943 3551 1097 3626 πολιτείας]
1120 3555 1170 3610 καί

158 3633 216 3688 τοῖς
234 3625 409 3694 μεηιστάνοις
427 3627 520 3688 αὐτῶν
539 3627 566 3679 L
580 3628 589 3695 ΙΙ
603 3626 639 3680 27
660 3624 716 3679 ὑπὸ
735 3624 769 3693 L,
789 3624 846 3678 ἀπὸ
866 3625 920 3680 OV
