2490 4124
166 231 230 297 158
496 229 584 285 LYDI
601 230 651 285 DE
673 229 848 288 ostanus

164 404 295 480 πρῶτος
317 393 443 478 αὐτῶν,
470 394 636 482 Βάρρων
660 417 697 459 τε
720 393 738 460 δ
758 393 930 479 Ῥωμαῖος,
953 393 1183 483 Ἵππαρχος,

164 501 448 587 Μητρόδωρος,
474 498 530 565 καὶ
557 498 626 584 μετ’
653 501 776 578 αὐτοὺς
802 501 821 567 δ
844 505 997 589 Καῖσαρ
1020 502 1100 590 περὶ
1124 514 1182 588 τῆς

167 605 336 693 ἐφημέρου
358 617 426 673 τῶν
449 605 664 691 φαινομένων
687 606 840 692 ἐπιπολῆς
862 631 897 672 τε
920 607 976 674 καὶ
999 610 1141 688 δύσεως.

332 835 682 904 ETHNOGRAPHIA
704 836 1008 904 Asuleonoulon

234 963 283 1027 71,
316 961 449 1046 Ἐπειδὴ
483 960 523 1027 δέ
550 985 638 1040 τινες
670 961 876 1049 ἀπαιδεύτως
903 967 1086 1050 φερόμενοι
1116 968 1179 1051 φύ-
1205 993 1217 1033 5

165 1086 284 1135 σκουσι
311 1071 355 1154 μὴ
384 1068 437 1134 ἐπὶ
464 1070 588 1146 παντὸς
614 1071 719 1134 τόπου
742 1072 784 1134 τδι
806 1069 890 1134 αὐτὰ
911 1072 995 1157 πρὸς
1016 1082 1087 1136 τῶν
1111 1072 1180 1138 ἐπι-

129 1180 273 1241 Βτολῶν
298 1175 319 1259 ἢ
349 1176 480 1241 δύσεων
507 1186 574 1240 τῶν
601 1177 733 1264 ἄστρων
761 1175 986 1263 ἐνεργεῖσθαι,
1014 1177 1099 1265 φέρε
1121 1190 1180 1265 τῆς

164 1283 291 1366 πλάνης
322 1282 445 1360 αὐτούς
473 1285 590 1370 καίπερ
621 1281 903 1368 ἀντιμαχομένους
931 1283 1179 1371 ἀπαλλάξωμεν.

164 1385 220 1453 καὶ
247 1390 328 1474 τύχα
356 1389 412 1454 διὰ
438 1387 590 1475 βραχέων
612 1397 711 1454 τούτο
733 1400 916 1476 παρασχεῖν
939 1380 1052 1468 αὐτοῖς
1076 1393 1179 1458 δυνα-

164 1497 232 1560 τύν.
272 1505 341 1560 τῶν
361 1498 480 1560 τοίνυν
503 1496 630 1583 ζῳδίων
651 1494 711 1580 ὑφ’
737 1497 775 1561 ἓν
796 1493 859 1581 μὲν
880 1497 940 1561 τὸν
963 1497 1044 1562 ὅλον
1066 1500 1178 1583 <τῶν>
1192 1527 1216 1566 ιο

164 1600 390 1687 πλανωμένων
413 1602 560 1688 ούρανδν
584 1604 816 1688 διειληφότων,
839 1603 902 1668 οὐκ
925 1601 958 1681 ἐξ
980 1604 1060 1670 ὅλου
1081 1603 1119 1671 δὲ
1138 1609 1179 1672 vot

165 1709 249 1774 αὐτὰ
279 1708 435 1793 ἀλλήλοις
467 1707 520 1773 ἐπὶ
553 1718 616 1792 γῆν
649 1707 891 1795 ἐνεργούντων,
925 1709 1094 1797 ἐπιτηρεῖν
1126 1713 1179 1778 δεῖ

163 1817 244 1882 ποῖοί
274 1838 350 1881 τινα
381 1826 449 1880 τῶν
481 1813 535 1880 έπὶ
567 1824 627 1908 γῆς
658 1817 826 1899 κλιμάτων
857 1816 923 1881 ὑπὸ
955 1821 1040 1906 ποίῳ
1069 1820 1177 1907 ζῳδίφ

113 1922 347 1991 νὸεΑτέτακται
370 1927 491 1988 τελεῖν·
514 1922 601 1987 οὕτω
626 1923 689 2009 γδρ
710 1921 753 1987 δν
771 1919 914 2007 τάληθὲς
932 1926 1011 2000 τοὺς
1028 1926 1072 2009 μὴ
1093 1927 1178 2012 πρὸς

164 2029 346 2114 ἀπέχθειαν
369 2034 547 2114 ζητοῦντας
569 2028 610 2094 οὐ
634 2027 797 2113 φεύξεται.
1191 2057 1215 2098 15

230 2145 326 2224 notui
349 2140 549 2223 Βρεταννιά,
579 2138 737 2220 Γαλατία,
762 2139 944 2223 Γερμανία,
971 2139 1175 2225 Βαστέρναι,
1190 2165 1226 2204 sss

164 2247 271 2327 Κοίλη
296 2246 417 2329 Συρία,
436 2241 589 2326 Ἰδουμαί
608 2293 615 2307 .

236 2453 252 2506 1
272 2454 347 2507 αὐτῶ
368 2453 391 2508 0
413 2455 417 2523 Ι
443 2450 551 2526 βύρρων
571 2453 594 2507 0
611 2455 620 2523 ss
643 2453 661 2507 2
680 2450 739 2522 μετ’
760 2453 873 2524 αύτούς]
893 2453 933 2507 sie
952 2454 987 2521 R,
1006 2452 1066 2524 μετ’
1089 2456 1178 2510 αὐτοῦ

166 2523 241 2594 0113
260 2524 364 2588 δύσεως
383 2541 451 2578 corr.
465 2525 560 2594 Unger
577 2540 628 2593 pro
647 2526 759 2594 δυσμῶν
772 2523 813 2593 1Ιὸ
833 2523 876 2595 δὲ]
895 2524 958 2579 add.
974 2526 1002 2580 R
1017 2525 1022 2597 λ
1039 2527 1179 2581 ἀπαιδεύ-

164 2593 418 2667 τως-φάσκουσι]
441 2595 493 2664 τὴν
516 2592 704 2650 ἀπαιδευσίαν
728 2593 884 2664 νομίζοντες
903 2597 974 2665 φασὶ
994 2596 1016 2650 0
1036 2599 1045 2666 ΙΙ
1069 2596 1108 2653 10
1125 2597 1178 2654 τὸν

165 2665 230 2722 ὅλον
253 2674 308 2720 τῶν
328 2683 396 2721 corr.
415 2665 449 2720 H.
468 2684 519 2736 pro
537 2675 593 2721 τῶν
612 2665 682 2722 ὅλων
705 2669 714 2736 ΙΙ
735 2666 771 2719 11
793 2666 929 2721 otu-vd
948 2666 1032 2739 αὐτὰ]
1053 2668 1105 2722 oda
1125 2668 1178 2735 έξω

164 2735 196 2793 δὲ
215 2745 270 2791 τῶν
289 2737 382 2792 αὐτῶν
398 2738 426 2792 R
440 2739 449 2808 ΙΙ
463 2738 501 2792 14
520 2735 590 2792 oinos
610 2736 663 2807 γὰρ
683 2735 731 2809 διν]
750 2739 799 2792 καὶ
817 2735 888 2792 οὕτω
903 2739 931 2793 R
945 2740 954 2808 Ιί
969 2737 1006 2792 15
1024 2741 1179 2808 ζηλοῦντας

165 2807 235 2864 ooni.
250 2808 284 2862 H.
299 2809 309 2878 Η
323 2808 434 2863 16-17
455 2811 484 2863 et
496 2828 523 2879 p.
540 2810 691 2880 159-160]
711 2808 741 2862 in
756 2809 779 2863 0
794 2812 951 2878 supersunt,
970 2808 1000 2861 in
1019 2826 1075 2878 quo
1091 2809 1178 2866 initio

164 2898 234 2950 mrg.
259 2879 433 2950 adscriptum
455 2880 491 2934 τδι
514 2880 640 2950 κλήματα
663 2880 758 2950 (immo
781 2877 910 2950 attuatos)
934 2879 1051 2935 ἑκάστου
1075 2880 1178 2947 ζωδίου
1232 2910 1237 2919 ·

165 2952 250 3008 ὁποῖα
265 2949 342 3007 εἰσίν.
367 2952 532 3022 deprompta
546 2953 641 3005 autem
650 2952 719 3005 haec
730 2953 796 3005 sunt
805 2966 839 3005 ex
848 2950 964 3006 Ptolem.
976 2951 1077 3006 tetrab.
1089 2937 1139 3008 iio.
1150 2954 1179 3008 H

165 3041 225 3094 cap,
242 3024 327 3093 2fin.‚
346 3022 377 3077 in
395 3022 474 3077 euius
494 3021 617 3077 editione
631 3021 861 3092 Norimbergensi
876 3023 1056 3147 (ltttzhaeo
1074 3023 1179 3080 tabula

164 3094 195 3149 in
222 3097 356 3149 contextu
383 3095 475 3164 deest,
509 3094 559 3148 sed
585 3093 632 3148 fol.
660 3098 694 3148 38
721 3093 752 3147 in
779 3092 958 3148 adnotationi
978 3111 1011 3148 us
1038 3094 1178 3152 Ioaohimi

166 3166 318 3222 Camerarii
337 3169 380 3221 est
397 3165 491 3236 posita
509 3164 550 3236 (in
566 3164 672 3219 iterata
690 3168 719 3220 et
737 3167 861 3225 ,correcta
880 3163 1004 3218 editione
1022 3165 1178 3221 Cametas-ii

164 3238 251 3293 Basil.
267 3243 344 3293 1553.
367 3257 393 3308 p.
411 3243 443 3291 73
458 3237 579 3307 legitur).
607 3236 734 3291 Eandem
747 3235 834 3290 habes
848 3235 879 3289 in
892 3235 984 3290 Procli
998 3254 1044 3305 qu.
1060 3237 1078 3292 f.
1093 3255 1177 3308 para-

164 3308 260 3379 phrasi
288 3308 435 3364 tetrabibli
456 3308 542 3365 Basil.
568 3313 644 3364 1554.
674 3327 700 3378 p.
721 3313 754 3362 88
774 3310 803 3361 et
822 3313 881 3361 102.
922 3307 991 3361 item
1018 3308 1178 3364 Ptolemaei

165 3380 378 3451 dispositionem
392 3398 456 3435 eum
465 3380 529 3435 aliis
541 3381 698 3449 composuit
706 3378 879 3448 Hephaestio
890 3378 976 3433 Theb.
987 3399 1016 3434 π.
1027 3390 1178 3452 ναυαρχῶν

163 3452 205 3507 11
225 3470 252 3520 p.
267 3458 302 3506 47
313 3470 367 3520 sq.;
386 3452 461 3521 quod
480 3452 572 3522 ipsum
590 3450 741 3520 repetitum
760 3453 803 3504 est
821 3449 851 3503 in
870 3449 966 3503 oodiee
983 3451 1116 3505 Laurent.
1133 3457 1177 3523 28,

165 3528 199 3576 34
218 3521 265 3577 fol.
282 3529 333 3577 153
352 3539 422 3578 uers.
443 3521 691 3579 dissertatiuncula
704 3521 841 3591 inscripta
855 3521 885 3575 αῖ
899 3530 987 3592 χῶραι
1002 3522 1177 3577 συνοικειού-

165 3629 249 3681 μεναι
270 3619 328 3674 τοῖς
348 3615 375 3685 ιβ
398 3614 519 3682 cadisto:
548 3628 633 3680 quam
661 3627 695 3666 ex
716 3613 798 3681 parte
817 3610 942 3679 excerpsi
965 3610 996 3663 in
1017 3611 1178 3682 proeodosi,
