2490 4124
296 261 476 316 ssssoms
494 261 711 317 svssvsALs
732 266 764 332 (ι.
784 267 826 316 ιο.
846 263 890 331 ιτ)
940 219 945 229 ’
1034 261 1095 326 101
1143 230 1150 241 ’

88 424 293 510 ἐπιφέρεται,
320 423 376 489 καὶ
404 423 497 502 ἀετὸς
524 424 687 511 ὑπηρέτης
711 424 808 512 αὐτῷ.
854 422 909 489 καὶ
933 424 994 490 ὅσα
1016 425 1099 489 κατά

89 534 195 615 φύσιν
226 532 349 617 θερμά,
381 530 436 596 καλ
467 529 550 619 ηλίφ
579 540 749 616 προσφυῆ.
798 531 911 616 ὀρθῶς
943 526 1006 596 οὖν
1034 532 1098 596 «τὸν

87 640 185 722 ἥλιον
209 639 241 702 οἱ
263 637 434 723 ἀρχαῖοι,
457 635 512 702 καὶ
531 638 572 702 οὐ
591 639 652 722 την
671 641 823 722 σελήνην,
847 636 900 702 ἐπὶ
918 640 977 722 τῆς
994 648 1151 704 τῶν176Α
1229 632 1233 639 ’

88 755 262 831 κεραυνῶν
289 748 435 830 θεωρίας
462 743 674 829 ε’πετηρησαν.
720 743 859 820 ε’κείνοις
882 747 1000 809 τοίνυν
1023 743 1098 808 ἀκο-

61 856 296 927 ελουθοῶντες
309 852 349 914 τά
364 850 519 936 εἰρημένα
529 849 749 927 αὐτοῖςκαθ’
763 848 939 936 ἑρμηνείαν
948 849 1097 936 ἐροῦμεν.

262 1079 479 1147 LABEONIS
503 1080 634 1145 LIBER
657 1079 929 1146 FVLGVRALIS

103 1287 108 1295 1
155 1206 207 1271 47.
233 1203 369 1282 Ἥλιος
392 1205 476 1288 <έν>
500 1213 604 1292 κριῷ.
644 1206 807 1292 κεραυνὸς
830 1205 1021 1289 ε’νσκηπτων
1044 1202 1098 1268 ἐπὶ

88 1322 149 1395 γῆς
177 1313 206 1376 εί
233 1308 294 1396 μὲν
323 1310 450 1399 δένδρφ
479 1310 628 1396 ἐμπέσοι,
656 1323 769 1399 τηρεῖν
797 1313 848 1377 δεῖ
870 1315 954 1399 ποίφ
977 1311 1098 1398 τούτῳ·

89 1415 169 1483 οὐδὲ
206 1419 268 1505 γάρ
305 1423 497 1483 πλανᾶσθαι
533 1418 661 1502 πέφυκε
697 1421 978 1505 καταφερόμενος,
1016 1417 1098 1482 ἀλλά

46 1552 73 1591 10
88 1525 243 1611 ῥοιζηδὸν
269 1523 324 1589 καὶ
352 1523 421 1589 κατ’
449 1524 588 1590 εὐθεῖαν
615 1523 669 1590 καὶ
698 1526 803 1602 οὕτως
826 1524 979 1602 ἀπλανῶς
1001 1518 1142 1589 κατα-’Β

89 1630 232 1716 φέρεται.
278 1629 333 1695 καλ
366 1632 395 1695 εί
426 1628 487 1715 μέν
517 1630 663 1715 ἀμπέλου
691 1633 891 1715 καθάψεται,
924 1631 1098 1708 ἐλάττωσις

88 1740 179 1801 ἔσται
212 1746 272 1801 τοῦ
305 1743 416 1821 οίνου,
450 1739 479 1802 εί
511 1734 548 1802 δέ
581 1735 694 1824 ἑτέρου
724 1738 816 1814 τινὸς
842 1747 909 1801 τῶν
937 1735 1097 1822 δένδρων,

32 1870 73 1909 ιω
87 1844 149 1926 τὴν
172 1841 204 1920 ἐξ
228 1842 358 1908 ἐκείνου
381 1855 518 1930 καρπῶν
541 1845 672 1908 ἔνδειαν
694 1844 888 1930 παραδηλοῖ.
932 1844 961 1908 ελ
984 1838 1022 1907 δὲ
1044 1841 1098 1907 έπὶ

87 1949 236 2033 ποταμὸν
264 1954 492 2035 κατενεχθείη,
520 1950 634 2034 ένδεης
661 1946 722 2034 μὲν
750 1951 767 2016 ὁ
795 1949 941 2033 ποταμὸς
964 1948 1098 2013 ὑδάτων
1130 1988 1133 1993 -
1181 1942 1188 1953 ’

46 2084 72 2123 15
88 2058 190 2139 ἔσται,
215 2056 296 2121 ὅσον
318 2057 402 2142 πρὸς
425 2057 538 2141 αὐτόν,
562 2058 704 2143 ὄλεθρος
727 2053 765 2121 δέ
784 2066 854 2132 τοῖς
877 2055 914 2120 έν
933 2055 1022 2142 αὐτῷ
1040 2080 1098 2139 νη-

87 2161 240 2246 χομένοις
263 2162 499 2247 ἐπιγενήσεται.
536 2165 565 2228 εί
589 2159 626 2227 δὲ
649 2161 702 2227 ἐπὶ
725 2163 889 2249 θαλάσση,
912 2163 972 2226 τὸν
994 2154 1098 2226 τόπον

88 2268 255 2355 ἐπιτηρεῖν
284 2270 349 2354 δεῖ,
377 2267 454 2333 καθ’
482 2263 523 2333 οὗ
552 2267 686 2355 φέρεται
708 2267 728 2353 ἡ
753 2267 851 2354 φλόξ·
880 2269 1011 2345 πάντως
1034 2269 1097 2355 γάρ

88 2374 213 2452 ἐκεῖνος
232 2375 250 2440 δ
269 2378 379 2460 τόπος,
399 2374 454 2440 καὶ
473 2375 535 2440 οὐκ
554 2375 653 2453 αὐτὸς
671 2379 774 2461 μόνος
792 2374 948 2441 ἀλλὰκαὶ
966 2376 1003 2440 τὸ
1022 2373 1129 2461 περὶΟ

88 2481 191 2545 αὐτὸν
214 2482 355 2567 κλίμαῆ
378 2481 511 2571 πολέμῳ
534 2482 554 2567 ἢ
577 2494 744 2569 πειρατῶν
763 2484 875 2560 δόλοις
893 2485 1098 2569 ταραχθησε-

43 2596 73 2655 ’το
87 2610 148 2652 ται.
191 2590 220 2653 εί
244 2585 280 2653 δὲ
304 2588 340 2653 έν
363 2594 522 2678 πολιτικῷ
545 2589 565 2674 ἣ
590 2590 738 2678 δημοσίῳ
762 2593 973 2674 κατενεχθείη
998 2592 1098 2677 τόπῳ,

87 2694 271 2780 έμφυλιόυς
299 2719 333 2759 τε
360 2695 526 2780 πολέμους
554 2694 609 2760 καὶ
633 2697 764 2774 στάσεις
786 2695 841 2761 καλ
864 2705 924 2762 τοῦ
947 2697 1098 2762 πολιτεύ-

86 2827 188 2888 ματος
220 2801 409 2887 ἀνατροπὴν
437 2803 547 2886 δηλοῖ·
584 2803 688 2867 αὐτὸν
715 2799 753 2868 δὲ
779 2805 839 2868 τὸν
866 2806 984 2888 τόπον,
1017 2809 1093 2868 καθ’

86 2904 127 2974 οὗ
152 2907 323 2995 ἐξαιρέτως
346 2908 491 2995 φέρεται,
515 2909 577 2974 οὐκ
600 2908 774 2975 ἀλλοιώσει
797 2912 913 2995 μόνον,
936 2909 1020 2974 ἀλλά
1043 2907 1098 2973 καί

85 3018 147 3098 τὴν
180 3014 216 3101 ἐν
248 3015 338 3103 αὐτῷ
371 3017 474 3099 τύχην
506 3020 674 3093 παντελῶς
705 3016 863 3103 ἀναβάλη.
913 3017 943 3080 εί
975 3011 1013 3079 δέ
1044 3014 1100 3079 ε’πδ

45 3125 216 3206 ωτείχους
252 3119 350 3208 πέση,
391 3122 502 3208 βλάστη
540 3119 576 3187 δὲ
612 3121 731 3207 μηδέν,
766 3126 935 3206 πολεμίων
970 3122 1098 3204 ἔφοδον
1189 3110 1192 3115 ’

159 3349 176 3402 δ
195 3349 355 3402 Labeonem
372 3349 456 3402 huius
476 3348 683 3430 dissertationis
703 3350 847 3402 auctorem
868 3365 931 3403 esse
946 3346 1052 3403 conieci
1065 3348 1097 3402 in

86 3420 192 3490 proleg
221 3423 230 3490 11
259 3420 316 3474 λλ
317 3441 334 3475 ν
361 3422 428 3474 ante
455 3419 570 3474 nomina
597 3419 706 3475 zodiaci
734 3419 878 3489 signorum
902 3419 949 3474 hio
971 3420 1001 3473 οῖ
1023 3419 1099 3474 infra

87 3508 165 3560 semp
166 3507 196 3545 er
219 3489 329 3615 addidi,
354 3490 419 3545 vide
443 3508 576 3616 suprap
595 3497 630 3546 48
654 3491 718 3545 adn.
743 3491 824 3547 adv.
844 3497 860 3546 6
883 3494 892 3561 11
916 3490 954 3545 10
977 3487 1098 3618 όυζηδδν

88 3561 217 3630 0111Βέ
218 3559 318 3617 κείνων
339 3561 727 3633 θέφΙΙῙῖφρηταιο1123
730 3559 1096 3636 έέρηπαιο1125πσειο1

86 3631 214 3702 πολέμων
235 3632 275 3702 01
292 3636 358 3688 ante
379 3633 484 3703 ἔφοδον
503 3633 556 3688 del.
576 3632 628 3706 μὲν
645 3634 769 3688 Hercher
869 3692 871 3699 ¹
