2490 4124
354 235 404 289 EX
421 236 519 291 LYDO
538 236 587 290 DE
606 236 789 303 MENSIBVS
1006 235 1070 299 297

464 436 675 488 SEPTEMBER
730 443 734 451 “

132 562 182 626 11.
205 561 247 626 id.
262 583 288 626 ο.
306 563 346 626 79
366 585 397 646 p.
414 562 486 626 122.
518 571 557 648 τῇ
580 563 741 646 νεομηνία
763 558 781 625 ὁ
804 560 1074 645 Μητρόδωρος

57 667 152 751 λέγει
166 669 228 751 τὴν
241 667 452 754 ἀνδρομέδαν
466 666 626 751 ἀνίσχειν,
644 677 712 731 τῶν
725 690 760 731 τε
766 664 792 754 ¹)
807 667 917 730 ἀλλων
930 665 1073 750 παυομέ-

65 799 134 839 νων
156 773 288 859 ἀνέμων
310 776 370 840 τὸν
393 768 494 860 εὖρον
513 772 701 859 ἐπικρατεῖν
725 770 781 860 (=
796 773 825 838 d.
841 775 869 837 1.
883 796 924 838 m.
940 770 1050 858 sept).

37 908 49 947 5
133 882 182 946 18.
206 881 247 946 id.
262 904 287 946 c.
303 882 345 947 80
364 903 394 965 p.
415 881 487 945 122.
525 879 562 945 έν
584 881 687 965 ταύτῃ
710 889 749 965 τῇ
772 877 876 966 ἡμέρα
900 877 941 966 (a.
961 879 990 944 d
1008 877 1074 942 IIII

63 1009 137 1052 non.
162 985 314 1074 Septem.)
343 986 361 1053 ὁ
391 989 640 1073 Δημόκριτος
671 984 759 1070 λέγει
787 985 973 1070 ἐναλλαγὴν
1001 982 1073 1050 ἀνέ-

64 1118 137 1177 μων
164 1097 362 1177 συμβαίνειν
388 1093 444 1159 καὶ
470 1097 594 1180 βροχῆς
621 1092 831 1179 ἐπικράτειαν
857 1090 915 1181 (=
936 1093 964 1157 d.
983 1091 1012 1157 2.
1032 1114 1074 1156 m.

65 1198 174 1287 Sept.)

133 1308 182 1372 19.
205 1307 247 1372 id.
266 1329 290 1372 ο.
306 1307 348 1374 82
367 1330 397 1391 p.
418 1307 490 1372 122.
527 1316 566 1393 τῇ
589 1308 653 1392 πρὸ
682 1306 767 1372 ὀκτὼ
791 1308 905 1372 Είδων
928 1312 1074 1391 Σεπτεμ-

24 1443 50 1479 10
64 1416 171 1498 βρίων
200 1412 378 1491 Εὔδοξος
405 1414 465 1478 τὸν
492 1414 596 1479 ἵππον
623 1412 767 1479 δυέσθαι
794 1413 850 1479 καὶ
882 1412 1027 1501 ζέφυρον
1053 1413 1074 1497 ἣ

66 1520 229 1604 ἀρνεστὴν
251 1530 349 1585 πνεῖν
372 1529 564 1604 σημειοῦται
588 1518 645 1607 (=
660 1520 689 1586 ἀ
703 1522 733 1585 6.
747 1544 789 1586 m.
804 1519 914 1608 Seph).

132 1626 183 1691 20.
216 1626 257 1690 id.
281 1648 306 1690 ο.
331 1628 372 1692 83
401 1649 432 1710 p.
457 1628 530 1692 123.
571 1627 637 1712 πρὸ
671 1626 750 1691 δέκα
782 1627 867 1692 ὀκτὼ
893 1628 1075 1692 Καλενδῶν

61 1732 269 1818 Ὀκτωβρίων
292 1730 527 1819 Δοσίδεοςῗ)
550 1733 610 1797 τὸν
633 1732 820 1819 ἀρκτοῦρον
843 1734 994 1819 ἀνίσχειν
1018 1750 1075 1817 ση-

65 1848 215 1923 μειοῦται
239 1835 297 1924 (=
312 1840 340 1907 d.
357 1840 408 1904 14.
421 1863 463 1905 m.
479 1837 592 1927 Sept).

24 1971 50 2010 15
75 1941 83 1955 ⁰
132 1945 184 2011 21.
206 1944 248 2010 id.
262 1945 283 2009 l.
298 1967 322 2009 ε.
354 1955 393 2031 τῇ
416 1946 481 2031 πρὸ
505 1945 648 2009 δεκαδύο
667 1946 850 2011 Καλενδῦν
868 1944 1076 2033 Ὀκτωβρίων

66 2055 219 2138 Καῖσαρ
235 2053 292 2128 τὰς
306 2052 480 2136 χελιδόνας
490 2049 645 2135 ἐκδημεῖν
654 2049 742 2135 λέγει
757 2049 813 2137 (=
825 2051 1075 2140 d.20.m.sept.).

488 2246 657 2298 OCTOBER

117 2373 184 2447 ,22
207 2372 248 2436 id.
268 2394 293 2437 ο.
308 2372 352 2439 84
368 2395 399 2456 p.
421 2374 493 2437 123.
525 2372 713 2449 Καλένδαις
731 2369 944 2459 Ὀκτωβρίαις
971 2371 1076 2458 φησὶν

66 2480 84 2545 δ
108 2480 273 2564 Βάρρων
292 2481 350 2555 τὰς
368 2479 526 2556 πλειάδας
545 2480 609 2544 ἀπὸ
624 2466 797 2545 ἀνατολῶν
810 2479 960 2566 ἀνίσχειν
974 2478 1031 2566 (=
1047 2481 1076 2546 d.

24 2610 51 2649 ιο
68 2588 96 2650 1.
110 2609 151 2649 m.
167 2582 260 2672 001).
453 2592 455 2596 ’

133 2691 184 2755 23.
208 2690 249 2756 id.
264 2713 289 2755 ο.
305 2690 348 2756 85
366 2713 396 2774 p.
413 2690 486 2756 123.
518 2701 557 2777 τῇ
580 2693 644 2778 πρὸ
664 2690 697 2770 ἓξ
716 2696 850 2757 Νωνῦν
868 2691 1077 2783 Ὀκτωβρίων

66 2796 244 2874 Εὔδοξος
272 2794 349 2882 περὶ
371 2797 433 2879 τὴν
456 2794 599 2883 ἑσπέραν
620 2800 747 2884 βροχὴν
769 2802 907 2864 έσεσδαι
929 2799 1076 2882 ὑπολαμ-

64 2905 160 2988 βάνει
184 2902 242 2990 (=
256 2904 285 2968 d.
300 2903 330 2968 2.
343 2926 385 2967 m.
400 2900 493 2990 001).

133 3010 185 3074 24.
208 3010 249 3074 id.
264 3032 289 3074 c.
306 3010 346 3073 87
362 3032 392 3093 p.
409 3009 482 3074 124.
505 3020 545 3096 τῇ
558 3011 623 3096 πρὸ
637 3021 715 3094 μιᾶς
728 3014 861 3075 Νωνῶν
870 3008 1077 3096 ’Ὀκτωβρίων

25 3117 84 3182 256
108 3119 361 3202 Δημόκριτος
384 3113 494 3202 τοὺςῧ)
523 3115 661 3202 ἐρίφους
688 3116 839 3200 ἀνίσχειν
865 3115 920 3181 καὶ
947 3118 1076 3202 βορρᾶν

65 3234 163 3289 πνεῖν
187 3224 437 3308 διισχυρίζεται·
467 3222 484 3287 ὁ
505 3219 541 3287 δὲ
560 3221 737 3300 Εὔδοξος
756 3221 899 3288 δύεσθαι
917 3224 955 3288 τὸ
974 3221 1077 3307 μέσον

29 3387 33 3394 .
65 3339 127 3395 τοῦ
146 3338 244 3415 κριοῦ
269 3328 357 3412 λέγει
381 3327 438 3415 (=
455 3329 483 3394 d.
498 3331 527 3394 6.
541 3352 583 3394 m.
599 3327 691 3416 001).

140 3543 165 3610 1)
188 3559 217 3594 τε
237 3539 349 3595 addidit
367 3540 442 3594 Hase
469 3542 478 3609 ΙΙ
511 3543 537 3610 2)
561 3536 701 3603 Δοσίθεος
724 3540 812 3594 codex
839 3543 848 3611 ))
880 3542 907 3609 3)
925 3541 990 3605 τοῖς
1007 3556 1076 3594 corr.

66 3612 190 3667 Roether
207 3629 257 3680 pro
272 3610 322 3675 τὰς
