2490 4124
372 241 420 294 DE
439 240 585 294 TERRAE
603 239 765 296 MOTIBVS
1008 240 1072 304 175

61 429 173 489 νηται,
201 407 365 491 πρότερον
390 400 453 488 μὲν
481 402 534 468 ἐπὶ
561 404 806 489 τεσσαράκοντα
831 402 955 489 ἡμέρας
978 407 1072 469 σείει·

61 515 205 598 ὕστερον
237 507 273 576 δὲ
305 509 361 576 καλ
393 507 441 575 ἐπ’
475 509 630 575 ἐνιαυτὸν
657 507 713 574 καὶ
738 510 803 575 Ιδύο
832 513 886 594 ἔτη
915 511 1073 587 πολλάκις

63 623 145 685 σείει
167 619 250 682 κατίι
271 619 351 694 τοὺς
373 614 527 704 αὐτοὺςῙ)
551 619 682 693 τόπους.
1098 695 1115 707 ἱ

134 729 286 790 Τοσαῦτα
307 720 369 808 μὲν
392 718 455 788 οὖν
477 721 533 788 καὶ
555 720 631 809 περὶ
654 731 712 806 τῆς
733 733 801 787 τῶν
825 733 971 807 σεισμῶν
992 745 1073 807 προ-

62 833 216 916 γνώσεως
235 829 422 915 ἐσημειώθη
441 831 530 916 παρὰ
547 840 618 906 τοῖς
636 833 801 906 παλαιοῖς·
820 829 901 914 ἡμῖν
920 825 957 894 δὲ
971 831 1078 912 νόμος·

61 936 118 1003 καὶ
145 938 223 1023 ὅρος
246 935 399 1002 ἑκάστοτε
421 934 477 1001 καὶ
500 933 552 1020 ἐφ’
580 933 705 1024 ἑκάστῳ
728 947 795 1000 τῶν
819 917 1074 1020 συμβαινόντων

62 1046 197 1109 ἄνωθεν
224 1045 261 1109 τὸ
284 1050 383 1109 θεῖον
404 1045 600 1129 πρόσταγμα
621 1043 825 1126 πιστεύεται,
851 1041 981 1130 ἀρρήτῳ
1004 1041 1072 1107 τινὶ

61 1148 254 1238 προνοίαςῖ)
280 1153 369 1238 λόγῳ
392 1159 452 1215 τοῦ
474 1151 583 1215 πάντα
604 1151 822 1233 πεποιηκότος
845 1155 930 1215 θεοῦ
953 1152 1072 1235 κυβερ-

63 1268 189 1334 νῶντος
211 1255 266 1322 καλ
290 1259 499 1334 διοικοῦντος
521 1258 562 1321 τὰ
585 1257 766 1340 σύμπαντα.

130 1367 278 1448 Σχόλιον
306 1364 369 1428 ἀπὸ
393 1372 508 1448 φωνῆς
531 1363 676 1449 Συμεὼν
698 1365 846 1449 μονάχου
869 1372 929 1428 τοῦ
952 1380 1073 1449 χρυσο-

63 1472 197 1557 γράφου
217 1473 264 1548 εἰς
281 1473 322 1536 τὰ
338 1475 539 1558 προκείμενα
557 1472 619 1537 δύο
638 1475 779 1538 κανόνια
793 1469 870 1558 περὶ
885 1467 1072 1559 σεισμῶνῧ).

63 1579 123 1642 τὸν
152 1576 272 1665 ἀστέρα
299 1579 359 1643 τὸν
385 1579 505 1664 κύριον
531 1586 589 1662 τῆς
610 1576 857 1664 προγενομένης
880 1577 1028 1643 συνόδου
1051 1576 1072 1660 ἢ

61 1686 273 1768 πανσελήνου
301 1682 472 1749 ἐπισκόπει
499 1683 554 1749 καὶ
580 1686 619 1750 τὸ
645 1686 768 1762 πλάτος
795 1684 900 1749 αὐτοῦ
928 1690 993 1749 είτε
1015 1687 1072 1767 βό-

63 1793 156 1876 ρειόν
179 1789 270 1854 ἐστιν
291 1790 313 1874 ἢ
336 1793 460 1875 νότιον,
484 1788 539 1855 καὶ
563 1789 616 1856 ἐπὶ
638 1793 739 1855 ποίου
757 1793 894 1874 βαθμοῦ
912 1799 973 1856 τοῦ
991 1792 1072 1856 πλά-

62 1920 142 1974 τους
165 1896 300 1980 ἕστηκεν
323 1896 341 1962 ὁ
361 1897 475 1983 ἀστήρ,
498 1895 674 1962 καὶταῦτα
693 1895 1071 1982 ἐφευρίσκωνείσέρχου

63 2006 103 2069 τά
125 2007 326 2089 προκείμενα
343 2007 483 2069 κανόνια
502 2002 558 2069 καὶ
577 2004 807 2088 άναψηλαφῶν
824 2005 861 2068 τὸ
882 2004 1012 2088 ζώδιον,
1036 2002 1074 2067 ε’ν

64 2103 90 2198 ᾧ
115 2110 132 2175 ὁ
155 2111 271 2196 κύριος
294 2121 351 2195 τῆς
375 2113 531 2195 συζυγίας
554 2112 690 2196 ἔτυχεν,’
703 2110 903 2195 άποφαίνου.

136 2304 163 2372 1)
181 2301 253 2356 κατὰ
271 2304 336 2366 τοὺς
354 2304 457 2366 αὐτοὺς
475 2303 574 2374 scripsi
591 2319 642 2374 pro
659 2301 723 2358 κατ’
739 2303 841 2366 αὐτοὺς
857 2303 923 2365 τοὺς
936 2305 945 2372 ΙΙ
959 2304 986 2372 2)
1004 2320 1073 2370 προ-

63 2375 143 2436 νοίας
162 2373 261 2443 scripsi
279 2390 329 2444 pro
347 2377 467 2449 προνοίᾳ
486 2377 496 2445 ΙΙ
509 2377 537 2445 3)
555 2373 589 2429 cf.
609 2374 665 2429 Leo
684 2373 806 2428 Allatius
826 2373 860 2429 de
879 2371 1071 2443 Symeonibus.

62 2444 151 2500 Paris.
177 2451 246 2499 1664
267 2463 295 2514 p.
314 2450 375 2513 1943
402 2445 511 2501 Fabric.
539 2445 609 2501 bibl.
638 2445 734 2500 Graec.
763 2444 818 2500 vol.
841 2444 880 2498 XI
904 2462 931 2514 p.
952 2449 1003 2498 296
1028 2443 1072 2499 ed.

63 2516 177 2584 Harles3
205 2515 281 2570 idem
308 2516 383 2570 enim
410 2516 537 2571 scholion
564 2519 643 2572 extat
667 2517 698 2571 in
720 2515 864 2588 codicibus
887 2514 983 2586 Regiis
1003 2520 1070 2569 1991

63 2589 93 2641 et
112 2592 189 2642 2137.
