2490 4124
144 272 186 337 68
474 273 562 327 Lm
579 273 628 328 DE
648 273 823 330 οενεεενω

209 434 249 520 β’.
273 435 331 501 ἐάν
349 439 527 523 βροντήση,
548 439 671 513 νόσους
690 439 756 522 ἀμα
773 437 829 502 καὶ
848 439 982 503 ἔνδειαν
999 448 1068 502 τῶν
1087 437 1156 502 ἐπι-

144 545 285 628 τηδείων
307 542 442 608 ἀπειλεῖ.

210 649 250 734 γ’.
274 649 332 715 ε’ἀν
344 653 523 736 βροντηση,
540 651 634 726 δίκας
648 648 703 714 καὶ
717 649 836 735 λέσχας
849 659 895 737 τῷ
911 652 1004 738 δήμω
1020 650 1156 715 ἀπειλεῖ.

91 769 115 821 Ι)
211 755 250 821 ό.
274 755 332 822 ἐὰν
353 759 531 843 βροντήση,
555 757 667 822 ἔνδεια
689 767 826 843 τροφῶν
849 762 997 840 λογικοῖς
1016 759 1083 841 ἀμα
1101 756 1158 822 καὶ
1172 786 1210 824 312

145 863 280 948 ἀλόγοις
302 867 402 929 ἔσται.
1187 891 1198 929 5

211 968 245 1035 ε’.
270 969 328 1035 ἐὰν
349 972 527 1058 βροντήση,
550 971 608 1047 τάς
629 981 789 1054 γυναῖκας
808 968 1032 1057 σννετωτίρας
1052 971 1157 1053 δηλοῖ.

93 1084 174 1141 112A
213 1075 250 1151 ς’.
274 1075 332 1141 ἐὰν
351 1079 529 1163 βροντήση,
552 1076 683 1161 μέλιτος
701 1073 763 1161 μὲν
781 1078 933 1162 ἀφθονία
952 1080 1053 1161 ἔσται,
1076 1077 1158 1141 ἀδα-

146 1205 202 1259 τος
225 1180 262 1249 δὲ
283 1182 339 1248 καλ
361 1194 428 1248 τῶν
450 1187 577 1248 λοιπῶν
599 1187 774 1269 τροφίμων
797 1187 913 1261 λεῖφις.

214 1288 246 1369 ζ.
271 1290 328 1354 ε’ἀν
345 1293 523 1377 βροντήση,
546 1289 689 1374 ἀνέμους
707 1301 838 1377 τραχεῖς
856 1289 911 1354 καὶ
930 1292 1053 1367 νόσους
1072 1290 1158 1374 ὁμοῦ

147 1400 308 1480 σημαίνει.
1174 1425 1200 1464 ω

212 1500 251 1587 η’.
275 1501 334 1568 ἐὰν
346 1506 525 1590 βροντήση,
543 1505 647 1568 νόσον
662 1503 845 1568 ἀκίνδυνον
859 1513 929 1579 τοῖς
943 1504 1159 1589 τετραπόδοις

148 1608 282 1675 ἀπειλεῖ.

213 1716 257 1783 θ’.
285 1717 343 1783 ε’ἀν
369 1720 552 1805 βροντήση,
578 1717 710 1800 ὑγίειαν
737 1712 799 1801 μὲν
827 1715 1020 1802 ἀνθρώποις
1049 1716 1093 1792 ὡς
1123 1716 1160 1780 ἐκ

147 1833 207 1890 τοῦ
230 1827 385 1902 πλείονος
407 1823 649 1909 ἐπαγγέλλεται.

113 1943 136 1996 Β
213 1931 244 1997 ι’.
268 1932 326 1998 ε’ἀν
347 1935 525 2020 βροντηση,
549 1932 655 2008 λύπας
677 1929 732 1995 καὶ
755 1932 941 2016 μοχθηρίας
963 1936 1010 2015 τῷ
1033 1931 1157 2012 πλήθει
1174 1956 1199 1996 15

149 2039 283 2105 ἀπειλεῖ.

147 2194 150 2199 ·
215 2145 267 2211 ια’.
295 2145 352 2210 ἐὰν
374 2148 557 2233 βροντήση,
585 2144 738 2230 εὐετηρία
760 2139 821 2227 μὲν
845 2145 950 2226 ἔσται,
973 2152 1098 2218 πτῶσις
1122 2140 1159 2206 δὲ

149 2250 294 2339 ἑρπετῶν
316 2251 371 2317 καὶ
392 2253 499 2335 βλάβη
523 2262 594 2327 τοῖς
617 2250 820 2336 ἀνθρώποις.

215 2357 268 2441 ιβ’.
301 2358 359 2423 ε’ἀν
384 2360 566 2444 βροντήση,
594 2360 716 2443 χόρτου
744 2354 799 2420 καὶ
827 2355 976 2438 βαλάνου
1004 2353 1159 2438 ἀφθονία

149 2468 251 2550 ἔσται,
273 2474 312 2550 τῇ
329 2451 373 2529 Ιδὲ
394 2466 507 2550 πρώτη
530 2464 643 2549 ἡλικίη
664 2464 816 2539 κάκωσις.
1175 2492 1202 2530 ω

216 2568 268 2654 ιγ’.
296 2569 354 2636 ἐάν
375 2573 554 2658 βροντήση,
578 2572 720 2661 ὄλεθρος
743 2572 834 2634 ἔσται
858 2579 928 2646 τοῖς
952 2569 1080 2652 σώμασι
1104 2572 1160 2632 λο-

150 2687 254 2761 γικῶν
276 2700 311 2742 τε
333 2675 389 2741 καὶ
413 2677 552 2760 ἀλόγων.

119 2792 140 2847 Ο
216 2781 269 2848 ιδ’.
292 2783 350 2848 ἐὰν
367 2785 544 2870 βροντήση,
562 2786 709 2867 πόλεμον
727 2779 790 2866 μὲν
807 2793 877 2858 τοῖς
892 2791 1030 2865 κοινοῖς,
1050 2781 1160 2866 ἀφθο-

150 2893 227 2956 νίαν
250 2887 287 2954 δὲ
309 2900 379 2967 τοῖς
400 2901 539 2976 καρποῖς
563 2891 667 2973 δηλοῖ.

164 3022 167 3031 ·
217 2995 264 3062 ιε’.
292 2995 350 3061 ἐάν
371 2998 549 3083 βροντήση,
573 2994 626 3061 ε’πλ
649 2997 686 3061 τὸ
710 3006 824 3083 χεῖρον
846 2997 886 3060 τά
907 2994 1090 3081 πράγματα.
1174 3023 1201 3064 25

217 3101 267 3178 ις’.
296 3102 354 3167 ἐάν
380 3105 563 3189 βροντηση,
592 3104 728 3190 εἰρήνην
750 3105 894 3185 βαθεῖαν
917 3093 1162 3184 ἐπαγγέλλεταί

221 3363 356 3439 βλέσγας
379 3367 426 3422 vix
449 3384 561 3422 sanum:
584 3384 652 3420 num
674 3366 779 3436 λόμοιςῖ
800 3367 810 3434 ΙΙ
833 3364 852 3419 4
869 3367 935 3434 post
955 3368 1075 3434 λογικοῖς
1093 3365 1159 3422 add.

150 3458 180 3494 τε
199 3441 227 3494 Ρ
245 3441 256 3510 β
278 3439 297 3492 6
315 3442 381 3508 post
404 3435 590 3505 ονοετωτέρας
608 3438 673 3492 add.
693 3435 809 3491 ἔσεσθαι
827 3437 855 3489 Ρ
874 3439 883 3506 u
906 3435 924 3490 8
976 3433 1085 3506 οφίμων
1104 3453 1159 3491 om

151 3511 180 3564 P
198 3513 208 3581 ΙΙ
231 3509 338 3580 βὸμοῖι
361 3527 414 3565 om.
439 3511 467 3564 P
486 3512 496 3580 ΙΙ
519 3509 557 3564 18
579 3508 631 3580 μὲν
653 3525 706 3563 om.
727 3509 755 3562 P
773 3509 783 3577 ΙΙ
806 3504 844 3561 14
865 3506 953 3577 ἐπαγγ
969 3511 1027 3561 λλει
1045 3507 1097 3577 ΟΜ
1121 3508 1160 3562 19

149 3583 216 3650 post
237 3578 338 3706 γόρὲον
362 3581 426 3636 add.
445 3579 496 3651 μὲν
515 3582 543 3635 Ρ
562 3582 571 3650 ΙΙ
593 3579 633 3634 20
650 3578 771 3642 κάκωσις
789 3576 889 3648 scripsi
905 3595 956 3648 pro
975 3587 1068 3642 κακῶς
1088 3581 1098 3649 ΙΙ
1121 3579 1158 3634 22

151 3670 180 3706 τε
200 3667 253 3708 om.
858 3666 860 3670 ³
