2490 4124
168 240 231 303 112
492 237 580 293 LYDI
596 237 645 292 DE
666 235 840 293 OSTENTIS

165 425 200 466 τε
226 405 348 489 βαρεῖς.
393 403 557 487 τύραννος
583 401 667 487 πρὸς
693 402 825 478 τούτοις
852 400 1020 485 ὠμότατος
1044 400 1203 488 ταράξει-

166 511 245 586 τοὺς
271 511 411 592 νόμους,
440 507 486 584 ὡς
512 503 595 591 μηδέ
623 507 733 571 αὐτῶν
759 518 827 571 των
855 509 954 594 λερῶν
981 511 1178 592 φείσασθαι.

166 617 207 680 τά
242 610 279 679 δέ
312 624 380 679 τῶν
412 623 597 699 συμφορῶν
627 623 698 691 τοῖς
729 615 844 699 ἀρρεσι
877 624 945 678 τῶν
977 612 1084 701 ζῴων,
1121 613 1179 680 καὶ

115 725 348 804 194Αλογικῶν
371 721 612 806 διαφερόντως,
639 717 742 784 πλέον
765 719 976 804 ἐπιπεσεῖται,
1000 720 1051 785 ὅτι
1074 722 1179 808 ἀρρεν

166 826 223 893 καὶ
245 823 493 913 ἀνθρωποειδές
517 830 600 913 ζῷον
624 827 656 891 ολ
680 826 824 910 δίδυμοι.
1205 855 1217 896 ⁵

151 1050 154 1055 ‚
233 967 285 1033 56.
313 966 449 1044 Ἥλιος
477 967 518 1032 ἐν
544 970 725 1056 καρκίνῳ.
772 970 801 1033 εἰ
830 968 1178 1055 σόλονιέπιγενέσθαι

169 1077 313 1158 συμβαίη
350 1072 426 1139 καθ’
464 1073 642 1139 ὁντιναοῦν
677 1077 797 1159 τόπον,
834 1074 887 1140 ἐπὶ
924 1072 985 1159 μὲν
1016 1085 1074 1160 τῆς
1106 1077 1177 1140 ἀνω

136 1179 276 1257 ΒἏσίας
307 1180 347 1244 τδ
378 1190 522 1266 προσεχῆ
551 1178 698 1266 Πέρσαις
726 1184 985 1267 ταραχθήσεται,
1018 1184 1114 1248 νόσοι
1143 1206 1178 1246 τε

168 1289 343 1371 λοιμώδεις
367 1285 585 1370 ἐμπεσοῦνται
608 1296 678 1363 τοῖς
702 1289 830 1371 σώμασι
850 1299 918 1352 τῶν
937 1288 974 1353 ἐν
993 1288 1106 1365 αὐτοῖς
1127 1288 1178 1352 ἐν-

169 1392 290 1477 δόξων,
327 1393 371 1470 ὡς
408 1392 549 1480 ἐρήμους
581 1393 751 1478 ἀρχόντων
783 1393 942 1478 γενέσθαι
975 1397 1031 1472 τδις
1063 1398 1179 1473 πόλεις
1194 1425 1217 1465 10

170 1500 288 1564 αὐτῶν.
321 1500 353 1564 οἱ
372 1495 409 1564 δέ
427 1497 494 1583 μετ’
514 1499 636 1576 αὐτοὺς
651 1511 719 1564 τῶν
732 1503 934 1586 πραγμάτων
948 1499 1179 1586 ἀνθεξόμενοι,

168 1609 278 1693 ψήφςο.
297 1615 357 1671 τοῦ
383 1594 536 1690 πλήθους
562 1604 617 1671 καλ
645 1607 755 1672 αὐτῶν
777 1609 887 1692 <τῶν>
909 1607 1054 1694 ἀρίστων
1077 1606 1179 1692 ἀφελ-

93 1787 98 1795 .
168 1713 311 1778 κύσουσι
333 1713 373 1777 τδι
395 1710 493 1777 τέκνα
510 1723 577 1777 τῶν
596 1712 733 1798 γονέων,
756 1713 812 1779 καλ
831 1704 1020 1780 ἀποδῶνται
1038 1717 1179 1802 μακρόν.

170 1817 223 1884 ἐπὶ
247 1815 284 1883 δέ
306 1829 364 1905 τής
386 1821 472 1884 κοίτω
492 1818 603 1896 Ἀσίας
622 1824 771 1885 Βιθυνία
792 1825 924 1908 Φρυγία
945 1845 981 1885 τε
1000 1832 1099 1906 πᾶσα,
1124 1821 1180 1888 καὶ

169 1925 334 2012 Εὐρώπης
369 1923 431 2010 μὲν
466 1927 487 2010 ή
520 1930 683 2012 Κολχική,
719 1928 762 2010 ήν
793 1936 858 1991 νῦν
888 1930 1218 2014 προσαγορεύουσιν,

169 2035 329 2116 Λαζικήν,
357 2035 486 2117 Λιβύης
513 2030 551 2097 δέ
574 2033 595 2116 ή
618 2026 713 2118 μέχρι
736 2035 926 2118 Νονμιδίας
944 2033 1085 2121 Ἀφρική
1109 2046 1180 2112 τοῖς

140 2139 284 2215 Οαύτοῐς
307 2138 456 2222 ὁμιλήσει
479 2150 600 2215 κακοῖς.
638 2138 800 2216 ἐκλείψεις
820 2163 855 2203 τε
874 2139 1065 2223 σεληνιακαλ
1085 2144 1180 2206 ἐσον-
1193 2168 1229 2210 πε

169 2269 236 2329 ται,
265 2245 315 2309 ὅτι
343 2248 482 2328 σελήνης
505 2241 595 2322 οἶκος
620 2245 636 2310 ὁ
660 2249 824 2332 καρκίνος.
869 2250 993 2311 πλείων
1017 2244 1054 2312 δέ
1077 2248 1178 2333 ὕβρις

170 2349 302 2435 γυναιξὶ
316 2353 498 2435 γενήσεται,
516 2350 571 2416 καὶ
587 2353 814 2438 διαφερόντως
827 2363 898 2429 ταῖς
913 2351 1181 2440 ἕταιριζομέναις,

172 2458 222 2521 ότι
245 2462 334 2540 θῆλυ
356 2455 479 2544 ’ζῴδιον
503 2457 520 2522 ὁ
544 2463 699 2544 καρκίνος
722 2457 777 2523 καλ
795 2457 1004 2544 Ἀφροδίτης,
1029 2460 1079 2524 ότι
1102 2453 1180 2525 ταύ-
1195 2489 1219 2529 ιο

171 2565 231 2627 τὸν
249 2562 427 2650 Ἀφροδίτη
452 2567 581 2650 σελήνη.

244 2827 260 2880 l
280 2824 408 2897 ὠμότατα
426 2827 454 2882 A
481 2830 485 2897 Ι
508 2827 526 2881 3
549 2844 599 2897 pro
618 2828 653 2882 τὰ
671 2828 705 2883 Η.
726 2827 884 2898 suspicatur
902 2829 933 2883 τὸ
956 2832 965 2899 ΙΙ
988 2829 1092 2884 ὅοολθ
1111 2832 1183 2904 ζῷον

172 2897 265 2953 delevi
278 2899 309 2952 τὸ
323 2900 332 2969 ΙΙ
349 2899 362 2952 7
379 2900 525 2971 σνμβαινει
534 2900 561 2953 A
575 2902 584 2969 ή
597 2899 615 2953 8
627 2899 856 2970 ταραχδήσονται
865 2899 941 2955 libri:
960 2918 1028 2955 οοιυ.
1041 2901 1165 2956 Hercher
1174 2903 1184 2974 ή

173 2969 210 3024 12
228 2969 315 3043 ψόφῳ
335 2970 388 3025 ΟΡ
402 2972 405 3039 λ
421 2979 476 3024 τῶν
496 2973 562 3040 post
580 2972 673 3025 αὐτῶν
692 2970 773 3025 addit
790 2972 824 3025 H.
839 2974 848 3041 ήΙ
863 2971 911 3027 12.
932 2971 968 3025 13
987 2973 1184 3042 ἀφελκύσωσιν

173 3042 232 3112 GP,
251 3041 459 3111 ἀφελκύσαντες
477 3043 506 3096 R
518 3044 527 3111 Ιή
542 3041 579 3095 13
598 3043 645 3096 καὶ
664 3059 717 3098 om.
737 3043 765 3097 R
781 3044 784 3113 Ι
801 3040 958 3096 ἀποδόνται
972 3044 1005 3112 P,
1024 3041 1184 3098 ἀπόδονται

173 3113 205 3182 0,
225 3115 397 3167 ἀπολοῦνται
410 3114 446 3181 A,
466 3114 661 3168 ἀποδώσουσιν
674 3115 715 3168 R:
735 3130 803 3168 corr.
820 3114 853 3166 H.
871 3116 875 3183 Ι
892 3113 1003 3183 μακρὰν
1021 3114 1184 3184 transponit

172 3185 200 3239 R
228 3187 294 3239 ante
322 3186 485 3238 ἀποδῶνται
507 3186 516 3254 [J
540 3181 578 3237 14
600 3193 648 3253 τῆς
675 3183 750 3239 κύτω
774 3182 874 3256 Ἀσίας]
902 3185 941 3238 sic
965 3185 1063 3255 scripsi
1087 3202 1122 3239 ex
1145 3187 1182 3256 A,

173 3263 205 3380 A
228 3253 439 3397 λέλωιᾊλίέ
442 3257 469 3397 ²1³
475 3253 628 3396 ‘AAW’
639 3255 700 3381 fs:
720 3255 937 3398 'Ama
953 3257 1182 3398 Αιλίῗήίλλ

82 3438 84 3445 .
173 3396 295 3468 ἔκλειψις
317 3417 347 3452 τε
371 3398 499 3467 σεληνικὴ
522 3347 637 3452 ίσεσθύί
651 3348 710 3467 χΙῗἸ
736 3401 777 3470 τε]
797 3398 828 3452 δὲ
847 3400 875 3452 A
897 3401 905 3468 ΙΙ
929 3349 974 3452 1μ8η
986 3398 1086 3468 σελήνη
1106 3394 1185 3461 οἶκος

119 3477 127 3495 ·
172 3472 308 3537 καρκίνον
322 3469 350 3524 A
366 3473 369 3540 λ
385 3473 450 3539 post
468 3467 600 3538 καρκίνος
618 3470 645 3529 L
664 3470 729 3524 add.
751 3470 824 3524 ἔστιν
838 3473 846 3540 ή
861 3469 910 3524 18.
930 3471 967 3524 19
986 3475 1083 3524 πλεῖον
1102 3468 1133 3524 δέ
1153 3471 1185 3524 αἱ

173 3537 266 3610 ύβρεις
283 3549 345 3605 ταῖς
363 3542 473 3610 γυναιξὶ
491 3540 656 3610 γενήσονται
671 3542 697 3595 L
711 3544 719 3610 ή
734 3541 773 3596 20
786 3539 958 3613 Ἀφροδίτης]
973 3539 1051 3611 Ἄρης
1064 3541 1091 3595 A
1107 3544 1111 3611 Ι
1128 3539 1183 3613 ότι]

174 3611 221 3662 καὶ
240 3612 266 3664 L
280 3614 289 3681 ή
303 3611 339 3665 21
359 3612 472 3683 σελήνη]
491 3612 539 3665 καὶ
558 3611 656 3680 σελήνη
677 3612 711 3680 L,
732 3613 846 3682 σελήνης
864 3614 892 3667 R
