2490 4124
312 230 443 287 NIGIDII
460 229 694 286 TONI'IIIIAII
713 234 745 300 (ο.
765 235 807 285 34.
827 232 870 298 35)
1055 227 1097 292 81

158 393 190 461 ι’.
217 397 246 461 εί
272 397 454 482 βροντήσφ,
481 395 522 459 τὰ
547 397 653 480 θηρία
678 403 748 470 τοῖς
775 392 969 479 ἀνθρώποις
996 395 1099 475 λυμα-

89 513 205 569 νεῖται.

158 607 211 674 ια’.
234 609 264 673 εί
286 610 463 693 βροντήσχ,
487 607 620 673 εὐτοκία
641 616 818 691 γυναικῶν.

159 713 211 798 ιβ’.
236 716 265 779 εί
287 716 465 801 βροντήοφ,
487 715 639 779 θάνατον
662 713 788 797 συχνὸν
808 711 934 776 ἀπειλεῖ
951 709 1006 776 καὶ
1025 708 1099 775 ἀνέ-

62 846 178 908 τμους
200 820 325 905 ἀήθεις.

159 926 211 1011 ιγ’.
244 929 273 992 εί
304 929 486 1013 βροντήοῃ,
519 926 662 1009 εὐθυνία
692 921 754 1008 μὲν
781 928 887 1009 ἔσται,
920 924 1034 1000 στάσις
1062 920 1100 988 δὲ
1147 946 1153 959 ·

94 1035 182 1119 ὅμως
204 1036 365 1117 πολιτική.

160 1138 213 1205 ιδ.
240 1141 270 1205 εί
296 1142 477 1225 βροντήσχ,
506 1137 676 1221 ἀποβολὴν
702 1137 827 1202 τέκνων
854 1136 909 1203 καί
937 1139 1177 1222 ἔφοδον14ολΙ

94 1246 239 1334 ἑρπετῶν
262 1246 421 1330 ἑπιβλαβῆ
446 1245 580 1310 ἀπειλεῖ.

42 1382 82 1422 ατ
160 1351 208 1419 ιε’.
240 1354 269 1417 εί
295 1355 477 1439 βροντήσῃ,
505 1352 654 1436 λοιμικὸς
676 1349 744 1437 ἀὴρ
773 1353 878 1435 ἔσται,
906 1355 1038 1438 θηρίων
1065 1375 1100 1416 τε

56 1490 80 1528 ιι
92 1459 149 1526 καὶ
171 1469 266 1544 μυῶν
288 1457 426 1543 γένεσις.
1139 1439 1146 1450 ’

161 1565 211 1641 ις’.
243 1568 273 1631 εί
304 1568 486 1652 βροντήσρ,
518 1573 564 1652 τῷ
595 1561 657 1648 μὲν
687 1565 780 1652 δήμῳ
810 1570 935 1647 αίσιον,
966 1575 1037 1642 τοῖς
1065 1562 1102 1631 δὲ

94 1676 251 1750 δυνατοῖς
274 1671 309 1737 ἐκ
333 1673 502 1756 διχονοίας
524 1673 635 1736 κακόν.

162 1778 208 1858 ιζ.
232 1781 261 1844 εί
283 1781 461 1865 βροντήσχ,
484 1777 586 1864 θέρος
609 1781 699 1843 ἔσται
723 1776 974 1861 ἀφθονώτατον.

56 1913 81 1953 ιι
162 1885 213 1970 ιη’.
246 1889 275 1952 εί
304 1888 487 1972 βροντήοῃ,
520 1884 643 1969 ἀνεμον
669 1886 778 1970 βαρὺν
804 1882 859 1948 καὶ
887 1888 1134 1968 φλυκταινῶνΒ

95 1994 265 2078 ἀνάστημα
286 2004 357 2070 τοῖς
380 1994 530 2076 σώμασιν
552 1991 687 2056 ἀπειλεῖ.

162 2098 219 2165 ιθ’.
247 2102 276 2165 εί
298 2102 476 2186 βροντήσχ,
500 2096 645 2184 ἑρπετῶν
667 2096 722 2162 καὶ
745 2096 915 2182 ἑλμίνθων
936 2099 1020 2184 πρὸς
1044 2098 1103 2163 αὐ-

94 2218 166 2283 τοῖς
189 2208 288 2291 ὄχλος
311 2210 410 2271 ἔσται.

162 2311 199 2378 α’.
224 2315 253 2378 εί
275 2315 458 2399 βροντήσχ,
481 2314 603 2389 καλοὺς
625 2310 724 2397 ἀέρας
747 2312 850 2395 δηλοῖ.

58 2445 82 2484 ιο
162 2418 222 2485 λα’.
245 2421 275 2484 εί
296 2421 475 2507 βροντήσχ,
498 2418 662 2502 εὐθηνίαν
685 2419 789 2503 δηλοῖ.

65 2514 70 2523 ’
161 2524 221 2609 κβ’.
249 2528 278 2591 εί
300 2528 483 2612 βροντήσφ,
507 2524 661 2601 ἑπίνοσος
684 2525 702 2590 ὁ
726 2524 803 2612 ἀήρ,
827 2523 897 2590 ἀλλ’
926 2524 967 2590 οὐ
992 2530 1104 2613 φθαρ-

94 2633 185 2709 τικὸς
209 2636 308 2698 ἔσται.

161 2737 221 2822 κγ’.
245 2741 274 2804 εί
296 2742 473 2826 βροντήσῃ,
499 2738 693 2824 ἀνθρώποις
714 2734 776 2822 μὲν
799 2739 1023 2826 δυσμορφίαν,
1047 2740 1134 2826 (ἀρ-ο

94 2845 185 2923 νέοις
208 2843 245 2911 δὲ
268 2847 405 2933 φθοράν
428 2845 563 2910 ἀπειλεῖ.

59 2975 82 3017 α
161 2950 221 3018 κδ’.
250 2955 279 3018 εί
303 2954 484 3039 βροντήσῃ,
511 2952 643 3036 ὑγίειαν
665 2948 727 3036 μὲν
750 2951 957 3038 ἀνθρώποις,
986 2953 1103 3036 ἰχθύσι

96 3056 133 3125 δὲ
156 3058 211 3124 καὶ
235 3058 383 3147 ἑρπετοῖς
405 3060 551 3144 ὄλεθρον
574 3058 708 3124 ἀπειλεῖ.
1138 3062 1143 3072 “

169 3323 250 3379 8ιιαὶ
264 3340 317 3378 om.
328 3324 356 3377 P
367 3326 376 3393 ΙΙ
390 3322 409 3376 θ
423 3321 576 3392 ἀπειλὴνθ
586 3324 595 3391 ΙΙ
609 3321 648 3375 10
662 3321 739 3376 ἔσται
755 3321 868 3391 οεοΡΙΙ
882 3320 978 3375 10.11
993 3316 1103 3389 θηρίων

95 3397 145 3457 καὶ
163 3403 252 3465 φαιῶν
266 3396 294 3448 Ρ
305 3397 314 3464 ΙΙ
328 3394 365 3448 12
384 3394 473 3455 αίοιος
487 3395 515 3448 Ρ
526 3396 535 3464 ΙΙ
550 3392 598 3447 12.
613 3391 650 3446 18
669 3400 727 3454 τοῖς
745 3389 777 3445 δὲ
796 3393 926 3454 δυνατοῖς
939 3390 1038 3460 scripsi
1051 3408 1103 3461 pro

95 3476 151 3522 τῶν
169 3464 201 3521 δὲ
220 3467 348 3521 δυνατῶν
368 3468 378 3535 ΙΙ
398 3463 436 3519 14
455 3462 538 3534 ἀέρος
556 3466 584 3519 Ρ
600 3463 660 3533 (sed
678 3464 698 3516 ἀ
714 3462 799 3531 rubr.)
814 3462 874 3532 1115
893 3461 1098 3533 φλυατήνανθ

96 3535 256 3608 φλυκτίδων
274 3539 312 3593 P:
336 3553 404 3592 corr.
424 3536 457 3591 Η
480 3539 490 3606 ΙΙ
513 3535 551 3590 16
573 3552 640 3589 num
661 3532 804 3616 ἀνάζεμαθ
826 3534 895 3639 'Lu
915 3534 964 3588 καὶ
982 3550 1036 3591 om.
1056 3507 1103 3608 01

95 3610 166 3681 πρὸς
185 3610 291 3680 αὐτοῖς]
311 3625 363 3664 om.
384 3609 431 3677 ΡΙΙ
445 3607 484 3661 20
502 3604 642 3676 εὐθηνίαν
661 3607 749 3660 emam
766 3606 814 3675 PII
828 3604 865 3660 ..ὅ
883 3602 981 3677 ὑγείαν
1000 3607 1029 3661 Ρ

149 3709 225 3750 Lm.
238 3709 321 3749 Imm
335 3707 574 3750 ectwnohnmutk
597 3707 640 3748 Ed.
654 3706 686 3747 II.
928 3700 944 3749 6
