2490 4124
265 250 433 306 οοιιυνκιι
452 250 524 306 ειο.
544 249 787 306 οκιιΡιιεΤιυιιι
805 254 838 322 (ι.
860 257 915 308 ιν.
936 251 995 322 ιν)
1083 253 1127 318 45

146 407 324 500 ἢτέσσαρας
346 412 469 499 ήμίρας
492 418 656 498 φαίνοιτο.
693 416 736 479 Εἰ
759 411 796 479 δὲ
818 412 921 479 πλέον
942 425 1128 507 φανήςτοῦ

151 522 247 597 παντὸς
277 520 444 586 ἀπώλειαν
475 519 531 586 καὶ
562 520 752 606 ἀνατροπὴν
784 516 910 586 ἀπειλεῖ
941 519 996 586 καὶ
1027 520 1128 607 πέρας

152 631 201 687 νῦν
220 638 324 692 κακῶν
347 627 506 711 οὐδαμοῦ.
552 626 754 692 ἀπολοῦνται
778 624 815 692 δὲ
837 631 985 692 πλεῖστοι
1010 627 1045 691 ἐκ
1067 638 1127 693 τοῦ

152 725 295 816 Ῥωμαικοῦ
323 735 565 819 στρατεύματος
593 733 630 798 ἐν
656 733 802 821 πολέμῳ,
830 736 1062 818 λήφδήσονται
1091 732 1128 813 δὲ

137 836 190 902 ικαὶ
213 838 412 926 παρεμβολαὶ
443 839 497 904 καὶ
530 841 677 926 φρούρια
705 838 874 924 Ῥωμαίοις
905 842 1127 925 προσήκοντα·

151 943 189 1009 καί
210 947 317 1023 αὐτοῖς
345 943 383 1010 δὲ
409 957 479 1023 τοῖς
507 948 646 1031 ἀρχονσι
674 947 856 1026 στασιάζων
883 946 901 1012 ὁ
930 947 1033 1031 δήμος
1056 946 1127 1011 ἐπε-

150 1053 279 1118 λεύσεται.
315 1052 371 1117 καὶ
390 1055 504 1137 λοιμὸς
523 1055 614 1117 ἔσται
632 1051 688 1118 καὶ
706 1052 817 1130 οὐδεὶς
836 1053 1013 1138 εὐχόμενος
1029 1053 1127 1119 ἀκου-
1158 1114 1161 1121 .

147 1161 294 1242 σθήσεται·
326 1159 381 1224 καὶ
409 1158 562 1244 διαδοχαὶ
589 1161 785 1243 κατάλλήλοι
811 1171 878 1224 τῶν
900 1159 1071 1246 ἀρχόντων
1094 1158 1126 1237 ἐξ

147 1262 317 1351 ἀβελτήρίας
348 1277 415 1330 τῶν
446 1266 658 1353 κρατούντων
690 1269 830 1332 ἔσονται.
876 1269 1073 1352 ἔμπρήσμοι,
1090 1264 1127 1331 δὲ

95 1369 349 1458 ἱαδιαφερόντως
380 1374 484 1459 κάρτα
515 1375 620 1455 βίαιοι
651 1371 705 1436 καὶ
738 1373 873 1456 φονικοὶ
906 1373 984 1449 ὅλας
1015 1375 1127 1450 πόλεις

144 1475 388 1565 ἀποτεφροῦντες
411 1482 646 1563 συμβήσονται.
688 1478 744 1543 καὶ
765 1481 931 1545 καθολικά
952 1477 1014 1564 μὲν
1036 1482 1127 1544 ἔσται

120 1576 188 1646 ’καὶ
210 1584 415 1650 ἀνυπόστατα
439 1595 606 1670 πανταχοῦ
630 1587 669 1651 τά
692 1586 799 1670 δεινά,
826 1596 897 1663 τοῖς
920 1583 956 1650 δὲ
980 1587 1127 1663 δυτικοῖς

146 1692 263 1773 χείρονα.
298 1693 442 1774 πόλεμος
461 1693 523 1776 γάρ
543 1691 656 1768 αὐτοῖς
675 1690 711 1755 ἐκ
729 1700 786 1775 τής
805 1690 966 1776 ἀνατολῆς
984 1692 1127 1768 δυνατὸς

146 1791 335 1880 ἐπιπεσεῖται,
361 1797 609 1881 διχονοούντων
631 1793 668 1861 δὲ
691 1807 758 1860 τῶν
780 1795 989 1881 κινουμένων
1012 1796 1047 1860 ἐκ
1069 1807 1127 1880 τής

106 1922 134 1962 ιε
146 1898 282 1987 ἀνατολῆς
314 1904 350 1968 τὸ
383 1907 539 1969 πλεῖστον
570 1913 627 1988 τής
655 1913 808 1989 στρατιᾶς
838 1887 1133 1989 ἀποφθαρήσεται·Ι

144 2004 188 2069 καλ
213 2011 337 2086 στάσεις
369 2009 608 2094 ἐγερθήσονται
640 2019 710 2086 τοῖς
741 2010 960 2102 στρατεύμασι
987 2009 1042 2074 καὶ
1070 2008 1125 2073 ἀλ-

144 2114 234 2194 λήλοις
255 2117 312 2193 τάς
334 2118 452 2192 ποινάς
473 2114 716 2186 ἐπικλώσουσιν
734 2117 768 2181 αλ
787 2127 961 2202 στρατεῖαι.
997 2114 1065 2200 μετ’
1084 2116 1124 2181 οὐ

143 2222 210 2284 πολὺ
235 2219 270 2287 δὲ
298 2217 399 2298 αὖθις
425 2223 457 2287 οἱ
480 2220 610 2305 νικηταὶ
633 2223 880 2307 δυστυχήσουσι
901 2221 957 2287 καλ
980 2214 1125 2307 διωχθή-

143 2340 236 2392 σονται
259 2327 315 2393 καλ
339 2328 449 2404 ἁπλῶς
471 2339 541 2405 τοῖς
564 2328 753 2413 ἁπανταχοῦ
776 2331 859 2394 κακά
882 2332 972 2394 ἔσται
996 2318 1056 2394 ἐπί
1073 2352 1125 2393 το-

110 2434 262 2512 ιισούιους
285 2434 468 2518 ἐνιαυτούς,
492 2433 543 2518 ἐφ’
567 2434 646 2512 ὅσας
668 2435 791 2520 ἡμέρας
813 2436 833 2520 ή
857 2437 990 2519 τοιαύτη
1013 2436 1125 2520 διοση-

138 2542 199 2620 μεία
218 2544 408 2625 φανήσεται.

128 2808 133 2819 Ι
187 2733 208 2823 „¹
228 2730 359 2802 φαίνοιτο
382 2733 455 2801 DL,
483 2730 616 2802 φαίνεται
639 2734 713 2787 ΜΝ
734 2735 738 2803 Ι
762 2736 827 2803 post
853 2732 885 2788 δὲ
909 2734 972 2790 add.
996 2736 1046 2789 καὶ
1067 2736 1097 2788 D
1118 2735 1122 2806 1

129 2822 199 2943 ΝΕὝ
224 2804 380 2930 glast&
397 2803 886 2949 ΙΙΆάΙΝάολΞοῦῗιῖἀύῗι-αάυύιὲήσοῗτῖίι
898 2806 963 2946 181ss
984 2806 1126 2948 Ιοιάυῖιεῗεή

128 2941 144 2998 4
160 2945 190 2999 ἐν
206 2945 335 3015 πολέμοις
349 2946 378 2999 D
391 2945 433 3015 116
451 2947 519 3017 τοῖς]
538 2955 593 3001 τῶν
607 2947 641 3000 Ν
650 2949 659 3016 ss
676 2947 690 3002 7
710 2946 880 3001 καλ-ἔσται
897 2963 949 3000 om.
964 2948 995 3000 D
1011 2949 1015 3016 Ι
1031 2946 1125 3016 λοιμὸς

126 3015 219 3085 scripsi
236 3033 286 3085 pro
305 3016 382 3085 λιμὸς
402 3019 412 3086 ΙΙ
435 3016 473 3070 10
491 3018 616 3086 φοινιιολ
634 3017 672 3070 Μ
691 3019 701 3087 ΙΙ
724 3018 759 3072 11
780 3016 920 3073 καθολικά
938 3015 969 3071 δὲ
987 3018 1018 3070 D
1034 3018 1038 3087 Ι
1059 3019 1125 3140 ριοεά

124 3086 197 3142 ἔσται
215 3087 279 3141 add.
299 3087 317 3155 ἡ
332 3088 364 3142 Ν
375 3087 435 3157 1112
454 3087 489 3141 τά
507 3087 572 3142 hab.
587 3087 663 3142 solus
679 3089 709 3142 D
723 3092 732 3158 ΙΙ
746 3088 784 3143 13
802 3086 926 3160 χείρονα]
944 3087 990 3140 hic
1010 3103 1062 3157 exp
1077 3086 1125 3141 ὀἱλ

121 3159 147 3213 L
172 3160 182 3228 ή
209 3158 247 3212 16
274 3156 383 3221 στάσεις
409 3177 439 3212 τε
466 3159 496 3211 D
523 3161 531 3228 ΙΙ
559 3159 595 3214 17
626 3158 794 3214 ἑπικλώσωσι
820 3158 870 3223 τάς
897 3155 1041 3227 στρατείας
1068 3158 1102 3211 Ν
1115 3157 1125 3230 u

121 3228 159 3354 1¹8i
175 3231 367 3355 διχοχδιήήχνται
385 3230 426 3299 D,
446 3228 671 3300 διοφχθήσονται
688 3231 722 3284 Ν
740 3233 749 3300 ΙΙ
772 3230 807 3285 21
828 3228 996 3300 φανήσεται]
1013 3227 1059 3282 hic
1078 3245 1124 3282 ex·

117 3319 136 3371 p
159 3316 183 3355 ο.
