2490 4124
332 262 373 315 IN
391 260 479 315 LYDI
495 260 636 314 LIBRVM
653 260 702 314 DE
722 259 897 316 OSTENTIS
1058 262 1123 317 Xlll

107 428 157 491 καὶ
186 438 294 505 ταῦτα;
326 430 383 489 inc.
414 437 505 489 ταῦτα
535 424 589 506 μὲν
618 425 656 489 dv
686 451 729 501 τις
758 425 817 489 κτλ.
848 423 905 511 (=
930 450 953 490 c.
978 432 1020 490 54
1043 431 1122 490 med.

107 539 205 597 usque
230 520 270 579 ad
293 519 384 577 finem
407 521 438 578 et
460 518 583 577 Visellii
597 509 640 599 (Ῥ)
670 518 896 596 seismologium
923 537 946 578 c.
967 512 1121 602 55-58).

106 608 193 669 vides
213 608 311 686 igitur
328 609 360 666 in
374 607 423 666 bis
440 607 503 666 fere
518 625 683 684 congruere
697 606 848 666 Venetnm
862 625 931 666 curn
943 607 1083 668 Palatino
1097 609 1126 667 P

107 690 226 779 (quode
253 717 283 757 v.
306 688 414 778 infra),
446 714 577 773 quocum
607 695 699 754 etiam
728 695 760 753 in
789 695 984 755 adnotatione
1013 697 1123 757 tertiae

106 787 192 863 parti
219 785 385 862 praemissa
413 785 574 861 conspirat.
619 786 753 843 ceterum
781 788 812 844 et
838 784 951 844 Hasius
977 786 1123 861 paucissi-

107 893 175 934 mas
206 877 329 934 tantum
350 872 461 933 Veneti
489 873 654 950 scripturas
678 873 785 933 attulit
812 876 843 933 et
860 873 1044 933 Winschius
1072 893 1123 934 ne·

109 964 198 1042 gavit
223 982 294 1022 eum
316 963 387 1022 novi
410 962 577 1039 quidquam
600 960 680 1039 quod
702 962 779 1021 utile
802 963 843 1022 sit
866 963 1011 1022 exhibere.

177 1052 304 1111 Interim
325 1051 540 1110 Friderieus
560 1050 680 1110 Osann
698 1069 734 1110 ex
753 1052 854 1110 codice
872 1051 1123 1112 Laurentiano

110 1141 190 1216 plut
215 1143 257 1201 58
280 1161 308 1200 ιι.
330 1141 370 1199 13
395 1132 429 1222 (i.
449 1160 473 1200 e.
496 1140 547 1218 M,
576 1139 674 1217 quode
702 1141 807 1200 statim
834 1142 1004 1201 accuratius
1033 1141 1124 1201 disse-

110 1222 193 1311 ram)
222 1229 423 1305 descripserat
450 1228 603 1288 Pburnuti
632 1247 708 1304 quae
738 1229 782 1288 ibi
808 1230 907 1289 fertur
934 1229 970 1289 de
1000 1231 1125 1291 cometis

111 1318 407 1395 disputatiunculam
425 1309 477 1399 (of.
496 1318 576 1376 infra
594 1338 623 1394 p.
642 1317 715 1376 XVI
733 1319 800 1376 adn.
817 1310 873 1400 11)
892 1318 1028 1396 Lydique
1047 1319 1125 1379 libro

112 1426 168 1484 per
195 1407 326 1467 Hasium
354 1407 495 1484 evolgato
523 1425 590 1465 eam
617 1426 677 1466 non
704 1406 859 1467 Phurnuti
885 1407 938 1466 sed
960 1407 1039 1485 Lydi
1061 1426 1125 1468 esse

114 1496 261 1574 cognovit
283 1498 316 1554 et
337 1496 457 1572 explere
481 1495 584 1573 aliqua
603 1514 640 1554 ex
657 1499 744 1571 parte
762 1497 904 1556 lacunam
920 1497 1126 1574 posteriorem,

112 1585 213 1662 quade
233 1602 326 1660 supra
344 1576 389 1665 (p.
402 1577 444 1666 Χ)
470 1584 533 1642 dixi
547 1577 623 1664 (cap.
646 1576 710 1666 15).
739 1585 804 1644 eius
827 1586 959 1645 frustula
978 1586 1126 1664 quaedam

111 1674 209 1734 edidit
231 1674 263 1733 in
287 1673 424 1733 auctario
447 1673 531 1733 lexic.
557 1672 715 1733 (irasciet
737 1675 862 1734 Roman.
882 1678 926 1750 et,
949 1679 985 1734 nt
1007 1676 1071 1751 ipse
1094 1675 1126 1733 in

110 1763 303 1840 praefatione
317 1782 346 1838 p
361 1761 464 1820 XVIH
478 1762 530 1840 ait,
549 1763 593 1821 nil
606 1763 705 1840 prius,
719 1763 763 1822 nil
778 1763 934 1840 antiquius
953 1762 1011 1821 sibi
1023 1762 1127 1821 baberi

111 1852 213 1931 duxit,
246 1870 338 1929 quam
367 1854 404 1910 ut
432 1809 638 1928 fragmentum
666 1850 743 1910 illud
773 1851 810 1910 de
840 1851 964 1910 cometis
996 1850 1126 1910 editione

110 1941 251 2018 principe
274 1940 394 2000 auctius
421 1940 519 1999 multo
548 1943 580 1998 et
602 1939 750 2016 integrius
775 1939 880 1998 statim
903 1938 1050 1998 edendum
1074 1958 1124 1998 cu-

111 2033 209 2108 raret,
234 2028 316 2106 quod
338 2028 542 2106 supplementi
564 2028 661 2087 instar
683 2027 846 2088 editionem
868 2027 1033 2088 Hasianam
1049 2031 1126 2088 tam-

113 2138 207 2196 quam
232 2137 330 2178 comes
348 2121 515 2196 perpetuus
535 2108 723 2198 sequatur.⁷)
760 2120 791 2176 et
810 2117 947 2177 exierunt
971 2112 1029 2198 (ita
1048 2119 1128 2178 enim

112 2209 220 2266 narrat
242 2208 368 2284 praefat
393 2207 432 2266 ad
455 2205 624 2266 Cornutum
646 2226 675 2282 p.
696 2206 796 2265 XXVI
803 2231 811 2285 3
839 2225 894 2284 ego
922 2210 1023 2267 tamen
1051 2228 1127 2266 nun·

112 2316 208 2374 quam
230 2288 308 2378 vidi)
336 2315 441 2356 revera
471 2295 546 2355 folia
569 2296 630 2354 tria
653 2298 836 2372 quattuorve
860 2296 1006 2372 impressa
1027 2297 1127 2373 pre103

112 2391 217 2445 tamen
241 2385 334 2445 editio
359 2385 520 2463 quominus
538 2383 747 2444 absolveretur
770 2384 918 2462 singulari
940 2385 1040 2445 nescio
1065 2403 1126 2462 quo

113 2475 180 2534 fato
203 2473 358 2551 prohibita
380 2474 448 2533 fuit.

184 2561 291 2622 Edidit
326 2567 483 2639 praeterea
519 2562 542 2621 I.
574 2563 610 2621 A.
640 2561 843 2621 Oramerus
881 2552 997 2644 (anecd.
1035 2561 1126 2622 Oxon.

114 2651 163 2710 111
185 2671 214 2727 p.
238 2643 431 2733 403-408)
460 2671 497 2710 ex
523 2651 624 2711 codice
656 2649 823 2710 Oanonic.
848 2652 911 2709 41ιι
935 2649 991 2726 [=
1012 2648 1049 2726 0]
1079 2671 1127 2710 ex·

115 2743 222 2816 cerpta
245 2741 395 2818 quaedam
418 2759 454 2799 ex
476 2740 613 2817 Lydiano
637 2739 728 2818 libro,
757 2739 866 2817 quibus
893 2740 976 2816 prior
1002 2740 1057 2798 illa
1085 2741 1128 2799 la·

116 2847 197 2887 cuna
220 2819 268 2909 (in
291 2829 390 2905 capite
413 2848 492 2888 nono
516 2831 548 2887 et
566 2822 696 2909 decimo)
721 2829 893 2906 suppletur,
915 2829 1004 2889 valde
1027 2831 1129 2887 tamen

116 2917 279 2977 decurtata
307 2936 342 2977 ea
369 2920 400 2977 et
427 2920 586 2996 corrupta,
615 2919 665 2978 vel
695 2918 821 2977 testium
846 2917 990 2978 Varronis
1013 2917 1129 2994 Nigidii

114 3005 242 3082 Apuleii
263 3005 434 3066 nominibus
458 3007 582 3067 omissis
588 2998 615 3089 ⁸)

191 3141 217 3210 7)
191 3139 270 3195 ici.
286 3138 384 3194 idem'
376 3158 406 3193 ιιι
417 3140 528 3222 epham.
542 3139 598 3195 litt.
608 3140 672 3195 Hal.
685 3146 753 3195 1832
764 3139 898 3210 supplem.
911 3145 969 3195 100.
980 3158 1006 3230 p.
1014 3144 1065 3194 798
1073 3157 1128 3208 sq

117 3210 157 3264 ad
175 3211 321 3280 Pompon.
329 3211 364 3264 de
383 3210 452 3281 orig.
471 3211 524 3266 iur.
543 3230 569 3281 p.
586 3216 627 3266 94.
747 3232 750 3240 ·

191 3285 219 3351 8)
238 3285 363 3336 ceterum
376 3282 423 3336 hie
437 3283 526 3336 codex
545 3282 633 3337 etism
646 3282 767 3336 aliarum
785 3283 910 3352 partium
923 3281 1045 3351 Lydiani
1062 3282 1129 3336 libri

119 3351 263 3422 epitomen
286 3353 413 3408 continet
436 3356 465 3408 et
488 3371 555 3423 prae
583 3371 612 3408 se
635 3353 692 3409 fert
718 3353 766 3407 fol.
787 3359 821 3408 84
843 3355 910 3408 rect
939 3369 1035 3407 eorum
1058 3370 1129 3422 quae

119 3424 199 3493 apud
220 3424 329 3493 Lydum
352 3425 445 3495 capite
474 3441 548 3480 nono
566 3424 700 3495 proximis
720 3423 888 3479 exhibentur
905 3423 1129 3496 inscriptionem:

118 3495 259 3562 περὶτῶν
276 3496 400 3567 ἡλιακῶν
418 3497 468 3551 καὶ
485 3501 656 3566 σεληνιακῶν
676 3493 842 3566 διοσημείων
860 3496 977 3551 καὶτῶν
996 3496 1024 3562 ἐξ
1039 3498 1130 3551 αὐτῶν

119 3569 282 3622 καθολικων
300 3566 562 3638 duorstsopdrovi.
578 3585 601 3622 e.
616 3568 734 3623 eandem
748 3570 833 3635 atque
848 3567 908 3622 cod.
924 3567 1128 3623 Laurentianus

120 3637 148 3690 L
168 3638 269 3707 (quode
287 3639 351 3694 vide
370 3638 462 3709 infra).
