2490 4124
119 228 260 287 XXXVIII
484 234 758 291 PROLEGOMENA

119 417 220 458 mense
247 400 350 479 Iunio,
382 421 442 461 non
469 405 549 481 quod
578 423 612 464 eo
640 408 774 481 tempore
802 409 906 464 tonare
934 406 1058 484 incipit,
1093 411 1132 468 ut

120 488 219 549 voluit
237 482 434 572 Buriniusffi),
453 493 505 551 sed
520 493 601 570 quod
615 494 702 552 Inni0
722 495 767 553 sol
786 512 926 554 cancrum
944 495 1129 574 ingreditur,

120 579 212 655 atque
231 597 249 637 a
268 597 382 659 cancro,
405 581 485 658 quod
503 582 594 642 lunae
612 582 797 642 domicilium
816 582 865 660 sit,
887 583 1020 659 incipere
1040 583 1130 644 decet

119 666 151 725 in
174 668 381 729 observatione
404 670 519 745 lunari,
543 673 578 730 ut
600 672 664 747 ipse
687 674 794 730 auctor
816 672 874 748 ait,
900 674 997 742 καλῶς
1019 668 1060 732 dv
1083 694 1131 745 τις

118 751 176 837 ἄρα
199 754 249 817 καὶ
270 756 322 817 τὸν
344 756 469 835 σελήνης
492 751 576 818 οἶκον
598 756 773 836 ἐπιλέξαιτο,
801 757 872 819 ὥστε
895 755 953 819 ἀπὸ
977 768 1031 820 τοῦ
1054 783 1129 841 καρ-

119 844 206 906 κίνον
229 844 278 906 καὶ
301 842 432 906 ἐνταῦθα
454 844 509 924 τὴν
531 844 680 927 ἐφήμερον
703 843 761 907 ἀπὸ
784 855 836 925 τῆς
855 852 1030 926 σεληνιακῆς
1054 871 1130 910 νου-

118 933 226 1013 μηνίας
243 933 317 994 κατὰ
334 934 404 1006 τοὺς
423 935 613 1012 oeconomos
632 944 729 1015 μῆνας
744 935 903 1014 ληψόμεθα
916 944 975 996 τῶν
989 938 1130 1017 βροντῶν

116 1020 280 1101 ἐπίσκεψιν.
324 1024 360 1083 de
380 1025 537 1084 domiciliis
560 1025 674 1084 zodiaci
691 1026 870 1103 doctrinam,
894 1045 970 1103 qnae
994 1027 1129 1103 impera·

117 1114 218 1171 torum
241 1116 340 1172 aetate
368 1112 496 1172 immane
526 1121 673 1190 quantum
700 1117 868 1192 propagata
892 1117 952 1192 est,
978 1114 1040 1173 iam
1070 1116 1130 1175 Ni-

117 1200 193 1277 gidii
215 1204 315 1261 aetate
338 1201 450 1262 Romae
473 1205 576 1261 notam
603 1203 709 1278 fuisse,
740 1205 819 1262 certe
847 1204 1048 1262 demonstrari
1075 1223 1129 1263 ne·

118 1290 197 1367 quit3
224 1309 321 1366 neque
348 1290 423 1348 mihi
450 1291 627 1366 persuadere
655 1309 778 1366 possum
807 1295 844 1350 ut
865 1291 1022 1369 Nigidium
1047 1292 1130 1369 Lydi

117 1379 210 1438 solius
223 1379 396 1438 testimonio
410 1380 506 1438 fretus
526 1379 645 1438 credam
662 1380 838 1457 peregrinae
856 1380 927 1439 huic
946 1380 1129 1456 disciplinae

116 1486 237 1543 operam
260 1467 419 1528 dedicasse.

181 1554 322 1615 Alterum
345 1557 459 1615 accedit
476 1557 573 1614 multo
592 1558 722 1633 gravius.
760 1557 928 1617 observatio
949 1557 1129 1618 instituitur

116 1645 280 1704 secundum
302 1663 419 1704 menses
442 1644 612 1722 synodicos,
641 1646 727 1704 cuius
758 1664 876 1726 semper
903 1645 1031 1723 triginta
1062 1646 1128 1708 dies

116 1737 343 1811 enumerantur,
371 1733 508 1811 q'uamris
531 1752 636 1792 revera
664 1736 704 1794 29
730 1734 793 1793 dies
822 1738 853 1794 et
880 1734 942 1793 fere
967 1736 1008 1793 13
1032 1735 1128 1796 horas

116 1823 298 1883 contineant.
353 1826 443 1901 atque
470 1822 503 1881 hi
532 1840 647 1881 menses
680 1823 815 1899 synodici
846 1823 975 1900 triginta
1007 1823 1129 1884 dierum

115 1930 232 1988 semper
250 1915 455 1989 exaequantur
473 1912 518 1971 ita
535 1911 686 1971 mensibus
705 1911 777 1970 anni
795 1902 953 1993 civilisd),
972 1914 1009 1971 ut
1026 1932 1129 1973 novus

40 2052 42 2057 .
114 2001 224 2060 mensis
243 2019 359 2078 semper
371 2001 492 2060 initium
508 2000 608 2077 capiat
622 2018 640 2059 a
653 2000 822 2078 novilunio;
842 2018 931 2077 quem
946 2004 1128 2076 computum

114 2092 216 2165 potest
243 2107 313 2147 sane
337 2089 404 2165 quis
431 2090 565 2148 conicere
595 2088 760 2148 recentiore
786 2088 1028 2165 interpolatione
1044 2090 1127 2149 toni-

114 2177 209 2236 truali
232 2176 389 2236 obtrusum
412 2195 489 2235 esse:
513 2176 565 2235 sed
579 2177 652 2254 quid
675 2177 795 2236 tandem
819 2177 943 2255 genuini
966 2178 1128 2254 superest?

115 2265 206 2325 immo
226 2265 326 2326 omnia
343 2267 406 2323 tam
425 2268 496 2324 sunt
513 2265 654 2343 ridicula,
678 2268 742 2323 tam
760 2266 993 2343 supramodum
1011 2266 1127 2346 inepta,

110 2358 149 2414 'nt
173 2374 209 2415 ea
231 2354 355 2428 Nigidio
371 2354 578 2420 ¹astronomiae
600 2354 781 2430 peritissimo
812 2354 940 2414 attribui
962 2360 1127 2437 nequeant.

117 2444 220 2520 potuit
242 2443 318 2502 talia
340 2441 561 2501 conscribillare
584 2443 719 2518 profecto
743 2461 829 2503 nemo
857 2443 915 2503 nisi
937 2443 1041 2521 home,
1072 2445 1128 2522 qui

112 2631 139 2683 p.
155 2617 197 2664 37.
229 2610 381 2681 genuinam
400 2612 497 2664 contra
515 2610 651 2680 originem
670 2610 819 2664 defendere
843 2609 952 2664 studuit
976 2611 1126 2683 Swoboda‚

117 2681 212 2751 Nigid.
227 2681 325 2749 reliqu.
340 2699 365 2750 p.
378 2687 409 2735 31
422 2699 475 2750 sq.;
495 2682 544 2735 sed
559 2681 617 2735 eins
633 2683 799 2750 argumente
812 2681 974 2751 reprobavit
983 2681 1126 2739 Wissowa

115 2754 243 2810 Zeitrclrr.
261 2754 282 2819 s.
302 2758 395 2808 dstorr.
415 2753 514 2823 Gpma.
534 2758 602 2807 1889
621 2771 647 2822 p.
663 2759 722 2807 996.

185 2828 230 2894 58)
250 2823 340 2878 ‘acad
356 2824 405 2877 des
419 2823 544 2893 inscript.
560 2826 589 2877 et
606 2823 694 2878 belles
708 2824 818 2878 lettres’
838 2829 906 2878 1764
925 2841 952 2892 p.
968 2830 1033 2880 197:
1057 2843 1128 2896 „ap-

114 2897 261 2966 paremeut
278 2910 417 2963 parceque
436 2895 504 2948 c'est
521 2910 583 2948 vers
603 2911 633 2948 ce
651 2898 742 2964 temps
762 2895 796 2948 de
810 2895 929 2963 l'annee,
948 2912 1003 2963 que
1022 2895 1049 2950 le
1062 2899 1127 2951 ton-

114 2984 195 3023 nerre
222 2982 380 3020 commence
404 2982 421 3019 a
445 2981 474 3019 se
496 2964 567 3020 faire
595 2966 746 3020 entendre“
769 2966 845 3034 qnod
870 2965 896 3020 ei
923 2966 1013 3020 credit
1037 2967 1125 3022 Hertz

112 3056 141 3109 p.
156 3045 202 3106 333
229 3037 277 3092 sed
302 3053 346 3090 res
372 3036 434 3105 ipsa
459 3036 612 3090 falsissima
636 3040 692 3106 est,
719 3054 782 3090 cum
806 3036 837 3090 in
859 3037 945 3091 Italia
969 3037 1125 3093 Graeciave

114 3109 258 3164 mensibus
278 3107 392 3162 aestivis
411 3106 490 3162 Iunio
509 3107 581 3161 Iulio
600 3108 727 3178 Angusto
745 3107 887 3162 rarissime
906 3111 1000 3177 tonet,
1026 3113 1125 3164 contra

113 3179 338 3250 frequentissime
356 3195 421 3233 vere
439 3181 468 3232 et
486 3178 629 3232 autumno.

115 3283 117 3287 ν
185 3255 229 3322 59)
255 3251 321 3306 nolo
344 3266 441 3320 urgere
460 3249 574 3305 uomina
592 3250 657 3302 Iulii
679 3253 708 3304 et
730 3249 852 3319 Augusti
869 3250 995 3303 nondum
1013 3249 1125 3319 Nigidii

114 3326 208 3378 aetate
234 3323 293 3394 (qui
317 3324 442 3376 mortuus
467 3323 511 3375 est
534 3339 558 3375 a.
583 3327 617 3376 45
638 3338 662 3375 a.
683 3322 756 3390 Chr.)
783 3320 923 3388 extitisse3
951 3319 1023 3374 talia
1049 3321 1125 3376 enim

114 3394 248 3448 facillime
272 3397 371 3464 postea
395 3395 528 3462 poterant
552 3392 663 3446 mutari.
700 3408 791 3461 neque
813 3408 927 3446 necesse
953 3393 1009 3460 est,
1036 3391 1124 3448 immo

114 3465 163 3519 vix
179 3465 259 3533 licet,
287 3465 317 3519 in
341 3464 414 3519 libro
437 3463 591 3533 Nigidiano
617 3464 651 3518 de
675 3480 748 3518 auno
771 3462 880 3517 Iuliano
905 3462 1039 3532 cogitare.
1077 3465 1123 3518 fao

114 3533 202 3605 igitur
219 3552 307 3604 ponas
325 3538 448 3590 veterem
471 3551 576 3588 annum
592 3536 751 3590 Romanum
773 3539 833 3603 378,
853 3540 914 3602 377,
933 3538 985 3586 355
1006 3534 1123 3590 dierum.

115 3623 258 3675 quousque
276 3609 305 3661 te
323 3606 418 3675 vertis,
437 3605 552 3659 eaedem
570 3609 599 3660 te
617 3609 732 3660 manent
750 3605 882 3675 ineptiae.
