2490 4124
513 151 601 205 Lm
618 150 667 205 DE
686 148 859 205 οευυαυε
897 121 901 128 ’

463 311 685 380 ΚΟΜΗΤΗΣ
708 310 907 377 ΔΙΣΚΕΤΣ

251 440 314 505 15².
338 440 356 504 ὁ
371 441 549 523 λεγόμενος
564 439 707 521 θισκεὺς,
724 439 768 517 ὡς
782 444 908 523 είρήται
924 436 1031 524 (p.31,
1044 434 1113 523 11),
1128 436 1235 502 άπέ

182 557 242 613 τοῦ
270 549 434 631 σχήματος
460 546 547 611 οὕτω
575 547 848 631 προσηγορεύθη,
880 546 963 609 ὥστε
990 546 1235 629 κυκλοτερήξ

182 655 231 722 ὢν
253 653 315 720 οὐκ
339 657 408 718 ἐστι
434 652 534 736 δῆλος
557 651 609 716 ἐπὶ
633 661 733 716 ποῖον
755 650 855 737 μέρος
872 660 933 716 τού
951 653 1080 734 κόσμου
1100 651 1235 716 δοκεῖ

182 760 322 845 ἀφορᾶν.
360 759 505 842 ἀνίσχων
527 754 565 822 δέ
587 758 684 822 κοινά
705 767 785 821 πάσι
804 758 998 841 μαντεύεται
1017 759 1116 822 κακά·
1139 757 1233 823 καὶ

182 866 297 932 ούὸενὶ
324 877 392 930 τῶν
417 869 594 948 πλανητῶν
621 863 804 947 ἀνάκειται,
834 862 904 928 ἀλλ’
933 862 966 943 ἐξ
994 863 1221 947 ἀνταυγείας

153 1020 158 1029 .
182 981 242 1037 τοῦ
264 972 361 1055 ήλίου
386 975 520 1055 γίνεται.
566 969 692 1034 ἀπειλεῖ
715 974 833 1034 τοίνυν
854 971 1028 1056 θορύβους
1053 975 1200 1035 καθολι-

182 1081 262 1155 κοὺς
303 1076 357 1142 καὶ
390 1076 558 1168 Ιπολέμους
595 1075 658 1140 ἀπὸ
695 1086 752 1161 τής
789 1077 911 1162 ἀρκτου
947 1074 1002 1141 καὶ
1037 1079 1200 1161 μεγάλων

181 1186 369 1271 προσώπων
397 1182 563 1248 ἀπώλειαν
589 1181 644 1248 καὶ
672 1183 816 1247 εὐτελῶν
838 1182 893 1247 καὶ
918 1183 1047 1266 ἀγενῶν
1071 1184 1189 1271 εὐπρα-

183 1294 275 1374 γίαν,
306 1290 469 1354 κίνύυνον
501 1286 538 1354 δὲ
569 1287 624 1354 καὶ
657 1289 771 1365 αὐταῖς
802 1300 874 1366 ταῖς
905 1291 1051 1376 πρώταις
1078 1291 1190 1376 τύχαις
1201 1312 1233 1354 ιο

184 1395 304 1478 ἐπάγει.
342 1395 603 1479 ἐλαττωθήσεται
623 1393 660 1459 δέ
678 1405 846 1479 πανταχοῦ
865 1398 904 1460 τά
915 1394 1081 1480 Ῥωμαίων
1096 1414 1188 1483 στρα-
1210 1474 1214 1481 ,

182 1504 335 1586 τεύματα,
359 1504 402 1580 ὡς
426 1501 525 1585 ἐγγὺς
547 1505 729 1578 παντελοῦς
751 1500 914 1579 ἀπωλείας
938 1501 1060 1568 ἐλθεῖν.

488 1712 707 1779 ΚΟΜΗΤΗΣ
730 1712 886 1779 ΤΤΦΩΝ

251 1839 316 1904 15¹³.
340 1835 439 1918 οὗτος
457 1844 582 1922 γίνεται
601 1835 663 1923 μὲν
676 1836 709 1915 ἐξ
724 1837 993 1914 ἀντανακλάσεως
1007 1846 1067 1902 τοῦ
1082 1837 1191 1924 ἀέρος·

183 1950 252 2012 ἔστι
267 1943 305 2011 δὲ
319 1947 566 2033 ὃρεπανοειβής,
586 1944 698 2032 ἀργός,
716 1946 902 2029 καπνώὸής,
922 1946 1073 2026 στυγνός.
1106 1945 1191 2010 ὅπου
1205 1973 1230 2012 1⁵

183 2051 213 2116 θ’
241 2051 283 2127 ἀν
305 2051 419 2137 βλέπῃ,
442 2054 606 2116 καθολικά
629 2055 719 2116 ἔσται
742 2053 839 2136 κακά,
868 2053 1010 2135 πόλεμοί
1030 2075 1065 2115 τε
1085 2050 1192 2129 ἐξωτι-

183 2156 236 2223 κοὶ
268 2157 323 2223 καὶ
356 2157 511 2241 ἐμφύλιοι
544 2160 658 2244 βαρεῖς
690 2156 745 2223 καὶ
775 2159 906 2234 στάσεις
934 2156 1108 2242 δημοτικαὶ
1137 2158 1192 2223 καὶ

184 2265 295 2329 ἐνύεια
326 2274 393 2327 τῶν
421 2263 617 2346 ἀναγκαίων.
664 2264 942 2349 ἀναιρεθήσονται
972 2260 1008 2328 δὲ
1035 2263 1091 2329 καὶ
1118 2265 1193 2348 ήγε-

183 2373 283 2455 μόνες
312 2367 441 2446 ἔνδοξοι
470 2368 507 2432 ἐν
533 2369 690 2453 πολέμοις
716 2367 771 2433 καὶ
798 2370 940 2452 μάλιστα
966 2371 996 2433 εί
1024 2368 1077 2433 ἐπὶ
1104 2381 1194 2456 τρεῖς

142 2612 145 2619 ’
254 2597 271 2650 l
291 2597 356 2664 περὶ
370 2594 484 2658 δισκέως
497 2597 535 2649 Μ
546 2599 555 2666 ΙΙ
569 2596 586 2649 2
600 2599 666 2666 post
680 2595 694 2649 ὁ
709 2596 774 2652 add.
790 2595 820 2650 δὲ
831 2596 870 2649 Μ
882 2598 886 2665 Ι
902 2597 1001 2659 δοκεύς
1011 2598 1043 2651 N
1053 2600 1062 2666 ΙΙ
1076 2596 1096 2650 4
1109 2595 1194 2667 με’ρος

182 2675 233 2722 τού
252 2664 356 2737 κόσμου
375 2669 454 2721 δοκεῖ
471 2669 585 2737 ἀφορᾶν
603 2668 677 2736 DL,
696 2665 778 2737 μέρος
797 2669 893 2736 ἀφορᾶ
913 2668 955 2735 Μ,
976 2667 1025 2722 ἰὼν
1044 2666 1075 2722 δὲ
1095 2670 1192 2742 ἀφορᾷ

184 2737 305 2808 ωιιχωι
323 2739 385 2808 αΙ
408 2737 425 2792 5
450 2736 571 2808 εαιχωι
598 2737 630 2792 ει
653 2737 747 2811 τινα]
772 2737 811 2791 sic
834 2721 909 2807 ολ,
933 2738 1015 2793 now&
1039 2738 1070 2792 ω
1095 2739 1170 2794 MN
1184 2741 1194 2812 Ι

183 2811 270 2865 exal
293 2806 400 2880 ούδενλ]
425 2807 484 2862 ἀλλ’
507 2809 573 2863 ούθέ
595 2830 651 2864 τινι
669 2810 708 2880 L,
728 2809 796 2863 ούθέ
812 2829 869 2864 τινι
887 2812 917 2865 D
942 2813 946 2879 Ι
970 2811 1132 2882 πλανητῶν]
1152 2810 1194 2863 sic

182 2882 257 2951 DL,
282 2877 408 2951 πλαγίων
427 2880 501 2933 ΜΝ
521 2883 525 2950 Ι
551 2878 626 2951 ἀλλ’]
649 2883 774 2950 γίγνεται
797 2879 828 2935 δέ
848 2882 894 2951 M,
918 2881 967 2950 qui
990 2898 1044 2936 om.
1067 2878 1194 2951 γίγνεται

182 2955 248 3022 post
265 2952 344 3021 ήλίου
367 2954 377 3023 ΙΙ
400 2951 435 3005 ll
456 2950 554 3020 ἐπάγει
572 2950 658 3021 τύχας
675 2953 705 3006 D
728 2953 732 3023 Ι
757 2951 980 3045 ἐλαττωθήσεται
998 2951 1042 3024 δὲ]
1061 2954 1098 3016 ὡς
1117 2952 1194 3007 ἐλατ-

107 3111 110 3117 -
182 3023 357 3166 κύκα
375 3025 632 3164 κακιστε
647 3022 1169 3166 λιίεεσεκιωσιαλ

63 3181 68 3193 ·
187 3163 222 3219 14
246 3161 326 3229 οὗτος
343 3165 386 3233 D,
413 3163 500 3228 ούτως
517 3165 559 3234 N,
584 3163 598 3217 ὁ
621 3167 717 3235 τυφὼν
736 3165 768 3220 δὲ
787 3167 825 3234 L,
852 3165 917 3221 ὁδέ
935 3167 1032 3235 τυφὼν
1051 3166 1090 3219 Μ
1111 3168 1116 3236 Ι
1141 3164 1193 3237 μὲν

183 3236 248 3291 hab.
269 3236 344 3291 solus
361 3237 392 3290 D
409 3238 413 3304 Ι
429 3235 607 3297 ἀνακλάσεως
626 3237 652 3289 L
665 3239 675 3306 ΙΙ
689 3236 726 3290 15
746 3236 802 3291 ἐστι
821 3236 868 3328 Ml
883 3237 923 3291 sic
940 3238 1011 3306 DL,
1030 3250 1084 3291 om.
1104 3238 1179 3291 MN
1187 3238 1190 3310 Ι

184 3307 282 3375 ἀραιὸς
301 3306 371 3361 coni.
391 3306 515 3360 Hercher
528 3309 538 3376 ΙΙ
552 3307 589 3360 16
608 3305 636 3360 δ’
658 3305 706 3378 ἀν]
726 3307 766 3361 sic
785 3309 819 3377 L,
838 3328 892 3377 γαρ
909 3309 984 3363 ΜΝ
995 3310 999 3379 Ι
1016 3307 1103 3381 βλέπῃ
1122 3325 1191 3363 corr.

183 3376 306 3431 Hercher
327 3395 378 3447 pro
402 3375 497 3451 βλέπει
519 3380 528 3447 ΙΙ
551 3377 587 3431 17
613 3377 741 3449 ἐμφύλιοι
782 3388 859 3447 αρεῖς
877 3381 915 3449 L,
945 3381 1040 3452 βαρεῖς
1064 3379 1193 3450 ἐμφύλιοι

184 3448 293 3503 DMN
313 3450 318 3520 Ι
342 3449 391 3504 καὶ
414 3451 480 3501 ante
499 3447 607 3511 στάσεις
626 3466 678 3502 om.
698 3451 736 3503 M
789 3450 792 3520 Ι
816 3452 864 3504 ιιαλ
886 3453 952 3520 post
970 3452 1119 3520 δημοτικαὶ
1138 3467 1191 3506 om.

184 3519 222 3571 M
233 3521 242 3587 ΙΙ
257 3518 293 3572 18
313 3519 553 3588 ἀναιρεθήσονται
570 3535 658 3587 usque
678 3520 714 3573 ad
733 3519 863 3591 πολέμοις
881 3525 936 3593 (19)
956 3539 1008 3576 om,
1028 3523 1058 3576 D
