2490 4124
113 245 177 308 142
443 244 531 298 LYDI
548 243 597 298 DE
617 243 789 300 OSTENTIS

481 441 746 507 ΑΤΓΟΤΣΤΟΣ

178 567 228 631 66.
262 564 300 631 α’.
327 565 502 643 καλένδαις
525 566 737 651 Αὐγούσταις
765 566 783 632 6
807 565 901 644 ἀετὸς
924 569 1045 633 δύεται
1067 557 1119 655 ὐρ-

111 678 214 760 δρου·
237 671 297 750 λὶὺ
319 674 467 756 πνεύσει,
490 670 545 737 καὶ
568 682 677 758 καῦμα
700 671 809 759 ξηρόν.

177 779 216 862 β’.
253 789 293 865 τῇ
324 780 388 866 πρὸ
422 776 451 842 δ
483 790 602 844 νωνῶν
633 779 841 863 Αὐγούστων
873 782 919 844 ἔτι
954 782 1072 846 δύεται
1102 781 1119 847 6

110 886 215 970 ἀετός,
237 885 293 950 καὶ
317 885 334 950 6
359 885 421 971 ἀὴρ
445 887 564 962 νότιος.
1140 915 1150 956 ι

73 1006 98 1060 D
176 991 215 1077 γ’.
247 1003 286 1078 τῇ
308 993 372 1078 πρὸ
397 990 427 1074 γ’
450 1002 569 1056 νωνῶν
590 992 627 1056 τὸ
652 992 731 1057 αὐτὸ
756 996 916 1077 σημαίνει.

175 1097 205 1163 δ
206 1150 213 1164 .
246 1109 285 1185 τῇ
303 1100 368 1184 πρὸ
387 1096 416 1163 α’
431 1109 550 1162 νωνῶν
568 1099 605 1161 τὸ
624 1098 727 1182 μέσον
745 1107 805 1163 τοῦ
824 1098 959 1176 λέοντος
978 1098 1119 1186 ἀνίσχει,

109 1209 262 1288 φαίνεται
291 1201 327 1269 δὲ
354 1202 409 1268 καὶ
436 1205 473 1269 τὸ
503 1203 653 1290 δένδρον.
700 1204 737 1269 έν
764 1213 810 1292 τῷ
838 1203 983 1292 διχμέριμ
1011 1209 1117 1296 τούτῳ

55 1311 163 1376 236λὸ
191 1313 284 1394 ἥλιος
310 1314 390 1395 μίαν
417 1321 538 1395 μοῖραν
565 1321 688 1397 κρατεῖ·
722 1310 739 1375 6
763 1312 860 1388 νότος
883 1307 919 1375 δὲ
943 1311 1118 1398 ἀχλυώδης

109 1418 236 1502 [κρατεῖ
258 1415 326 1501 καὶ]
350 1427 433 1481 πνεῖ.
1128 1448 1147 1488 10

175 1520 208 1588 έ.
240 1525 363 1598 νώναις
382 1521 593 1604 Αὐγούσταις
617 1522 729 1586 δύεται
752 1519 813 1606 μὲν
836 1521 854 1587 6
879 1522 1058 1611 στέφανος,
1080 1529 1115 1592 τδ

108 1626 145 1694 δὲ
172 1627 275 1713 μέσον
297 1637 357 1693 τοῦ
381 1627 515 1704 λέοντος
538 1627 666 1712 ἀνίσχει
688 1627 743 1692 καὶ
767 1627 901 1716 γέρανοι
925 1635 1116 1718 φαίνονται,

105 1734 161 1800 καὶ
184 1739 281 1812 νότος
302 1737 428 1812 πυκνὸς
450 1745 535 1799 πνεῖ.

173 1841 209 1916 ς’.
241 1852 280 1928 τῇ
307 1843 371 1927 πρὸ
395 1840 425 1925 η’
453 1841 554 1906 εἰδῶν
581 1840 789 1924 Αὐγούστων
816 1839 834 1903 ί
865 1844 951 1928 λύρα
978 1846 1115 1911 συστέλ-

105 1955 206 2034 λεται,
229 1947 284 2013 καὶ
308 1948 343 2013 ἐκ
365 1956 425 2013 τοῦ
450 1949 550 2012 νότον
574 1948 718 2011 καύσων.
1126 1977 1146 2017 15

72 2064 94 2116 B
171 2055 204 2136 ξ.
236 2066 275 2141 τῇ
302 2056 366 2140 πρὸ
391 2052 415 2133 ξ
443 2054 542 2118 εἰδῶν
569 2055 606 2117 τὸ
635 2051 738 2137 μέσον
760 2063 820 2117 τοῦ
844 2055 1015 2141 ὑδροχόον
1041 2060 1154 2124 δύο-ιο

106 2187 169 2247 ται,
193 2160 247 2226 καὶ
272 2160 307 2224 ἐκ
329 2169 389 2224 τοῦ
412 2162 513 2232 νότον
537 2168 645 2242 καῦμα
668 2158 843 2243 ἀχλωῶδες.

170 2266 209 2351 η’.
241 2276 279 2352 τῇ
311 2267 375 2351 πρὸ
404 2264 432 2338 ς’
460 2266 559 2329 εἰδῶν
587 2265 604 2330 6
633 2262 717 2329 λέων
745 2264 887 2351 ἀνίσχει,
920 2267 976 2333 καὶ
1004 2281 1113 2356 καῦμα

104 2376 199 2460 βαρύ.
245 2371 402 2454 έπινεφὴς
430 2369 447 2435 6
476 2371 553 2456 ἀήρ,
580 2370 634 2435 καὶ
662 2371 699 2435 τὸ
728 2370 831 2455 μέσον
859 2383 919 2438 τοῦ
942 2375 1112 2462 ὑδροχόον

105 2481 242 2564 ἀνίσχει.
1124 2509 1145 2549 ιο

175 2670 193 2724 3
211 2669 327 2723 Ptolem.
348 2676 370 2722 8.
390 2669 493 2723 Mesori
507 2698 540 2716 =
558 2678 580 2724 1.
599 2671 670 2740 Aug.
690 2669 831 2741 Ἱτιτάρχω
853 2679 955 2741 καῦμα.
979 2676 988 2743 ΙΙ
1012 2673 1032 2728 4
1052 2675 1110 2729 ἐτι-

104 2743 201 2795 δύεται
220 2741 259 2807 F;
278 2757 315 2793 an
332 2741 405 2809 πρωὶ
423 2740 538 2796 δύεταιδ
556 2745 565 2811 ΙΙ
583 2741 601 2795 6
621 2741 700 2804 νότος
717 2743 748 2795 F
757 2745 766 2811 11
780 2741 798 2794 6
814 2727 933 2796 Ptolem.
950 2749 991 2798 10.
1007 2745 1110 2800 Mesori

104 2841 137 2859 =
153 2818 176 2867 3.
195 2812 266 2881 Aug.
286 2810 344 2885 ὥρα
357 2818 384 2865 ff
402 2811 416 2865 6
435 2812 559 2882 λαμπρός
576 2821 626 2867 τοῦ
645 2814 729 2867 ἀετοῦ
748 2812 815 2885 ἑῷος
836 2813 923 2868 δύνει.
949 2816 953 2885 Ι
977 2825 1016 2869 τῶ
1036 2819 1110 2871 αὐτῶ

104 2886 135 2938 F
148 2887 162 3009 χΙ
187 2885 200 2937 7
223 2883 326 2937 Colum.
347 2888 380 2936 66
396 2885 488 2952 pridie
505 2900 568 2938 αοα.
589 2885 704 2954 Αιιμιιῶ.
725 2886 763 2938 leo
784 2886 887 2939 medius
905 2889 1036 2942 οωοτῶαν.
1060 2890 1070 2959 ly
1091 2887 1109 2942 8

103 2976 145 3026 φα
157 2962 386 3019 νεται-κρατεί
402 2955 451 3025 (9)]
477 2957 559 3009 arbor
586 2958 618 3009 ιἰι
639 2956 688 3009 hoc
711 2957 793 3010 biduo
816 2963 931 3024 apparet
951 2956 1036 3012 Leon.
1060 2962 1070 3029 ΙΙ
1091 2958 1110 3012 9

103 3036 204 3097 μοῖραν
223 3043 275 3079 om.
297 3025 327 3079 F
337 3027 346 3095 ΙΙ
360 3025 398 3079 10
416 3034 514 3094 κρατεῖ
529 3027 588 3098 καὶ]
606 3025 722 3079 inclusit
739 3026 849 3079 Bekker
862 3029 871 3096 ΙΙ
886 3027 921 3080 ll
942 3026 1050 3084 Gemin.
1068 3035 1108 3085 10.

102 3099 173 3153 leon.
185 3125 219 3144 =
230 3103 253 3151 5.
269 3096 339 3165 Aug.
359 3093 475 3169 Εὐδόξῳ
490 3093 626 3166 στέφανος
640 3096 726 3151 δύνει.
741 3099 750 3166 ΙΙ
765 3095 802 3151 14
814 3096 932 3151 Ptolem.
948 3104 990 3152 13.
1005 3099 1109 3155 Mesori

102 3214 135 3233 =
151 3192 175 3242 6.
193 3186 264 3255 Aug.
289 3182 347 3259 ῶρμ
366 3188 395 3240 ιδ
418 3184 432 3238 6
455 3185 578 3254 λαμτιρδς
600 3192 649 3253 τῆς
669 3185 754 3255 λύρας
773 3185 839 3258 ἑῷος
857 3186 944 3241 δύνει.
968 3188 977 3255 ΙΙ
999 3187 1050 3242 16.
1070 3189 1107 3243 17

102 3258 207 3312 Colum.
218 3262 251 3311 57
265 3257 326 3310 VII
334 3258 372 3311 ιἰί.
382 3257 453 3327 Any.
465 3258 597 3325 aquarius
606 3258 704 3311 occidit
711 3258 822 3311 medius,
837 3259 981 3312 nebulosus
990 3267 1089 3316 αωίιω.
1098 3260 1109 3332 ss

102 3329 139 3383 16
157 3337 206 3384 τοῦ
230 3325 377 3399 ὑδροχόον]
404 3327 513 3383 Orionis
533 3327 616 3381 Leon.
640 3329 649 3397 l}
672 3327 719 3382 18.
739 3328 777 3382 19
797 3327 903 3382 Gemin.
925 3334 966 3383 12.
985 3328 1059 3386 leon.
1074 3357 1109 3376 =

103 3407 126 3454 7.
145 3400 216 3469 Aug.
237 3399 265 3469 (i.
282 3416 303 3453 ο.
324 3402 412 3453 antec.
434 3397 729 3469 ῶο)1(αιίπιιωιέωι
748 3397 829 3466 μέσος
847 3398 1003 3454 ἀνατέλλων
1022 3400 1108 3472 πνίγη

40 3488 44 3495 ’
102 3469 218 3540 μάλιστα
245 3479 326 3525 τιοιεῖ.
368 3470 485 3526 Ptolem.
510 3476 551 3524 15.
573 3453 686 3523 Paehon
700 3497 733 3515 =
748 3474 773 3522 8.
791 3470 863 3540 Aug.
891 3467 1051 3540 Αἰγυπτίοις
1075 3516 1106 3528 ..

103 3549 195 3611 καῦμα
214 3540 284 3611 μέγα
304 3542 352 3595 καὶ
369 3539 504 3611 πνιγετός.
526 3544 535 3611 ΙΙ
557 3540 594 3595 19
612 3541 817 3611 ναὶ-ἀνίσχει
835 3543 902 3613 (10)]
922 3559 974 3596 om.
995 3543 1027 3595 F
1038 3546 1043 3614 Ι
1059 3552 1108 3598 τοῦ

102 3609 252 3684 ὑδροχόον]
273 3613 382 3668 Orionis
398 3611 481 3665 Leon.
