2490 4124
164 234 382 291 PROOEMIVM
399 237 435 306 (ο.
455 239 477 289 7.
498 237 533 305 8).
571 234 668 290 SOLIS
686 190 872 290 DEFEcivs
891 239 924 306 (c.
945 239 972 306 9)
1028 236 1086 299 17·

10 409 15 447 ²
87 409 117 473 λῳ
143 406 184 486 τῷ
208 392 333 482 πλήθει
364 397 486 480 ἀνέδην
513 408 741 483 περιποτᾶται,
770 398 888 463 ὁποῖον
911 400 1071 485 ἱπποδρο-

91 498 145 576 μίας
166 503 418 589 ἐπιτελουμένης
445 505 579 587 ελδομεν
606 502 659 568 ἐπὶ
686 513 744 587 της
771 506 844 591 ἀρτι
868 506 1070 589 διελθούσης
1117 546 1124 555 ·

10 608 24 656 ῑ
92 599 178 694 δύτης
208 610 444 696 έπινεμησεως,
476 607 515 694 ης
547 609 709 693 ἀγομένης
742 611 866 688 ἰκτῖνος
896 612 935 676 τὸ
962 611 1069 696 βέλος,

10 720 29 757 '³
91 711 133 796 δν
147 716 327 801 λεγομένην
351 720 518 800 σαγίτταν,
541 724 587 803 τῷ
611 715 729 801 ῥέμφει
753 715 876 801 φέρων,
901 717 981 782 ὅλον
1004 712 1104 782 ἐπι-Β

10 800 28 881 ⁵⁵3
57 825 231 900 ἰωυλύσας
249 824 311 888 τὸν
329 824 446 907 δῆμον,
465 821 518 887 ἐπὶ
536 831 597 886 τοῦ
617 821 737 904 ὀβελοῦ
751 824 875 905 ταύτην
889 824 1070 906 διωλύγιον

10 930 23 961 ’”
47 920 52 929 ’
80 933 226 1015 συρίττων
250 928 401 993 ἀπέθετο.
439 928 456 992 δ
481 925 518 992 δὲ
542 929 645 1012 δῆμος
669 925 769 993 οὐδὲν
786 930 966 1016 βραδύνας,
988 929 1065 994 καθ’

10 1018 16 1076 5
74 1031 182 1101 έαυτού
205 1032 242 1101 δὲ
265 1038 431 1119 κινηθείς,
458 1035 557 1111 αὐτὸς
579 1031 641 1118 μὲν
664 1034 848 1118 ἀπώλλυτο,
871 1036 891 1119 η
915 1033 952 1100 δέ
973 1040 1070 1114 πόλις

10 1226 12 1235 Ι
40 1141 143 1228 -πυρδ
164 1152 253 1207 πᾶσα
276 1143 503 1228 διεφθείρετο,
531 1142 576 1217 ὡς
598 1139 653 1205 καὶ
677 1141 781 1224 αὐτὴν
802 1144 864 1226 την
885 1144 1069 1231 βασιλείαν,

64 1249 93 1313 εί
119 1250 161 1332 μη
189 1249 271 1325 θεὸς
294 1239 528 1334 ἀντέπραττεν,
554 1246 595 1311 ού
617 1251 731 1334 πόρρω
747 1249 925 1312 κινδύνων
947 1248 1069 1314 ἐλθεῖν.

20 1385 47 1426 τι
60 1357 101 1420 τά
128 1355 190 1442 γάρ
217 1353 294 1441 περὶ
318 1354 451 1419 ε’πόπων
473 1352 528 1418 καὶ
551 1356 800 1440 νυκτικοράκων
823 1357 935 1419 λύκων
956 1378 992 1420 τε
1014 1355 1069 1420 καὶ

58 1460 254 1546 ἀλωπέκων,
287 1460 368 1526 ὅταν
400 1461 436 1526 ἐν
467 1463 584 1525 πόλεσι
616 1464 816 1545 φαίνωνται,
847 1463 887 1526 τά
914 1462 1069 1548 εἰρημένα

56 1580 132 1646 τοῖς
157 1568 307 1655 ἀρχαίοις
333 1570 414 1652 μετά
437 1564 619 1654 Πόλληῖτα
646 1566 700 1632 καὶ
727 1572 806 1645 τούς
834 1566 866 1644 ἐξ
895 1564 943 1633 ὧν
970 1570 1070 1647 αὐτὸς

57 1675 257 1759 διαλέγεται,
279 1675 434 1760 περιττὸν
457 1676 613 1760 ἄντικρυς
636 1673 824 1760 ἀναφέρειν.

132 1785 282 1846 Τοσαῦτα
307 1778 369 1865 μὲν
391 1776 454 1845 οὖν
476 1782 559 1867 πρὸς
581 1783 660 1856 τοὺς
682 1791 754 1857 ταῖς
776 1782 980 1863 διοσημείαις
1004 1780 1099 1846 ἀνι-Ο

12 1917 43 1958 ιτ
58 1887 244 1972 σταμένους
270 1887 326 1953 καὶ
350 1891 580 1974 Πτολεμαίῳ
608 1890 797 1969 τολμῶντας
825 1886 1011 1969 ἀντιλέγειν
1033 1867 1074 1951 ἐκι

55 1997 193 2058 πολλῶν
216 1994 313 2077 ὀλίγα
331 1993 488 2078 λελέχθω,
524 1993 639 2079 καιρὸς
658 1988 694 2056 δέ
713 1990 876 2078 ἀρξάσθαι
895 2002 953 2076 τῆς
972 1993 1069 2076 ε’παγ-

56 2104 182 2184 γελίας,
206 2099 242 2165 ἐκ
265 2110 333 2164 τῶν
350 2100 523 2183 ἡλιακῶν
542 2099 865 2182 ἀποτελεσμάτων
883 2100 1070 2182 λαμβάνον-

55 2230 118 2283 τοις
140 2208 181 2270 τά
202 2210 370 2292 προοίμια.

146 2383 206 2447 DE
231 2381 350 2449 SOLIS
373 2382 614 2459 LVNAEQVE
639 2380 983 2448 SIGNIFIOATIBVS

16 2529 43 2569 ω
127 2509 157 2571 9.
176 2506 302 2572 Ἰστέον
320 2506 356 2572 έν
374 2508 518 2592 πρώτοις
536 2507 581 2584 ὡς
595 2509 697 2591 μόνος
712 2507 729 2572 ὁ
744 2506 855 2591 ἥλιος
868 2508 1125 2584 καθολικάςεοΑ

58 2618 127 2700 ἔχει
156 2613 339 2700 ἐνεργείας,
366 2624 433 2677 τῶν
461 2615 571 2678 ἀλλων
597 2615 796 2698 διοσημειῶν
819 2616 956 2690 τοπικάς
979 2612 1071 2698 έχου-

134 2753 150 2806 1
170 2761 357 2822 περιττοτάται
375 2768 443 2807 corr.
458 2752 581 2807 Hercher
598 2770 649 2822 pro
667 2749 859 2823 περιίπταται;
879 2753 913 2808 cf.
928 2753 1071 2806 Heliodor.

58 2825 87 2879 11
106 2823 196 2894 22115
215 2823 361 2892 διαλόγων
377 2824 400 2878 Ο
409 2825 419 2892 ΙΙ
433 2822 501 2891 δεη.
521 2823 646 2892 loquitur
664 2824 699 2877 de
719 2823 856 2879 seditione
874 2822 947 2877 Nica
967 2827 1002 2893 (a.
1019 2829 1071 2877 532

58 2915 87 2967 p.
106 2895 183 2964 Chr.)
203 2897 213 2964 ΙΙ
235 2894 271 2948 12
290 2897 482 2964 μεταπολλητοι
505 2895 579 2963 (εἰοῐ)
600 2897 633 2950 0:
657 2912 725 2949 corr.
743 2894 916 2950 Boissonade
934 2894 965 2949 in
983 2894 1072 2946 Theo-

58 2966 188 3049 phylaei.
212 2985 239 3035 p.
259 2970 311 3019 316
336 2967 340 3036 Ι
365 2965 450 3028 αὐτὸς
473 2983 540 3022 corr.
559 2965 732 3020 Boissonade
752 2984 802 3036 pro
821 2967 915 3028 αὐτοῖς
938 2968 947 3035 ΙΙ
970 2964 1008 3018 20
1026 2963 1072 3016 hio

59 3036 165 3107 incipit
186 3036 217 3090 in
241 3035 337 3090 codiee
356 3036 386 3090 D
409 3036 456 3090 fol.
478 3044 492 3090 1
512 3039 578 3091 rect.
598 3040 627 3091 et
647 3037 677 3091 F
691 3037 739 3092 fol.
761 3042 811 3090 156
834 3053 904 3091 vers.
923 3037 1072 3102 tractatus,

62 3108 109 3163 cui
136 3106 300 3163 inscribitur
326 3108 390 3177 περὶ
415 3117 471 3162 τῶν
494 3108 617 3176 ἡλιακῶν
641 3109 689 3163 καὶ
712 3112 883 3177 σεληνιακῶν
906 3103 1073 3175 διοσημείων

61 3181 113 3234 καὶ
137 3188 194 3234 τῶν
217 3178 245 3245 ἐξ
270 3181 362 3234 αὐτῶν
385 3183 547 3233 καθολικῶν
569 3178 798 3250 ἀποτελεσμάτων
823 3181 851 3232 et
874 3176 904 3230 in
928 3176 1023 3231 codice
1046 3177 1073 3230 L

58 3250 112 3305 fol.
134 3256 182 3318 12,
206 3249 237 3303 in
261 3266 317 3317 quo
340 3267 358 3304 ε
381 3250 554 3304 rubricatore
578 3250 712 3320 scriptum
735 3253 778 3304 est
795 3250 860 3319 περὶ
877 3257 932 3302 τῶν
950 3247 1074 3316 ἡλιακῶν

61 3323 112 3377 κοιλ
135 3326 308 3389 σεληνιακῶν
330 3323 498 3391 διοσημείαν
521 3321 642 3376 καὶτῶν
662 3321 690 3387 ἐξ
709 3322 802 3375 αὐτῶν
820 3322 984 3374 καθολικῶν
1003 3319 1073 3372 ἀπο-

61 3390 236 3463 τελεσμάτων
260 3387 291 3446 έν
314 3390 423 3464 συνόδῳ
446 3393 495 3446 καὶ
517 3390 654 3461 διαμέτρω
678 3399 874 3461 σχηματισμῶν
893 3391 985 3444 αὐτῶν
1003 3390 1075 3444 ἀπο-

62 3460 238 3533 τελουμένων
260 3463 302 3533 (έν
325 3461 433 3536 συνόδῳ
456 3479 544 3531 usque
570 3463 606 3517 ad
629 3447 858 3531 ἀποτελουμένων
882 3459 977 3514 deleta
1000 3463 1076 3515 atra-

62 3538 171 3605 mento)
187 3537 192 3604 Ι
209 3530 240 3590 έν
257 3535 377 3603 πρώτοις
396 3536 444 3606 ὡς]
463 3533 506 3589 δτι
525 3534 556 3590 έν
573 3535 693 3604 πρώτοις
711 3534 738 3587 L
759 3536 768 3603 ΙΙ
792 3532 827 3586 21
848 3534 913 3601 post
934 3531 990 3602 ἔχει
1009 3532 1075 3586 add.

63 3606 114 3669 τὰς
132 3605 216 3677 DF}
233 3607 410 3678 διοσημειῶν]
430 3603 550 3676 σημείων
569 3606 600 3660 F

120 3704 546 3746 Lm.111nvsed.Wachsmuth.
569 3705 612 3745 Ed.
621 3706 652 3745 IL
900 3698 915 3746 2
