2490 4124
278 237 544 297 ΑΡΡΑωΤιοιοιο
563 222 844 310 (mmmm)
1000 229 1065 305 115

56 403 101 478 ὡς
126 403 332 486 συνάγεσθαι
354 407 485 486 πλῆθος
508 402 643 484 φάσεων
665 405 726 485 ῷά.
762 401 817 467 καί
839 403 968 467 τούτων
991 402 1095 468 άνέ-Ι)

56 493 169 595 γρλαψα
199 511 256 586 τάς
289 508 505 593 ἐπισημασίας
536 507 592 574 καὶ
624 507 781 586 κατέταξα
812 510 894 574 κατά
928 532 963 573 τε
995 511 1063 574 Αί-

56 620 247 699 γυπτίους
270 614 325 680 καὶ
339 619 558 699 Δοσίθεον,
584 619 800 699 Φίλιππον,
823 616 1063 699 Κάλλιππον,

55 722 236 806 Μέτωνα,
273 722 521 806 Εὐκτήμονα,
558 723 739 805 Κόνωνα,
775 723 1063 808 Μητρόδωρον,

24 828 258 912 εΕὐδοξον,
296 833 495 914 Καίσαρα,
530 825 760 914 Ἵππαρχον,
803 831 1063 915 Δημόκριτον.

56 938 184 1001 τούτων
212 933 249 1000 δέ
276 937 491 1019 Αἰγύπτιοι
521 933 684 1024 ἐτήρησαν
715 933 787 1021 παρ’
821 935 917 1020 ἡμῖν,
945 939 1064 1000 Δοσί-

55 1049 149 1119 θεος
164 1040 200 1106 δὲ
216 1041 252 1106 ἐν
262 1046 333 1128 Κῷ,
345 1045 542 1118 Φίλιππος
553 1040 589 1105 έν
600 1044 848 1128 Πελοποννήσῳ
858 1041 913 1107 καὶ
924 1044 1064 1128 Λοκρίδι

55 1148 110 1213 καὶ
128 1149 269 1232 Φωκίδι,
289 1150 518 1224 Κάλλιππος
538 1146 574 1212 έν
589 1146 833 1235 Ἑλλησπόντῳ,
852 1146 992 1212 Μέτων
1010 1147 1064 1212 καὶ

56 1255 271 1339 Εὐκτήμων
294 1252 456 1338 Ἀθήνησι
484 1253 547 1318 κάν
576 1264 648 1330 ταῖς
681 1255 832 1318 Κυκλάσι
864 1253 919 1318 καὶ
950 1258 1094 1319 Μακε-Ε

10 1390 38 1428 ιο
56 1363 154 1444 δονία
181 1358 235 1423 καὶ
261 1358 390 1446 Θρηίκη,
423 1362 562 1424 Κόνων
585 1357 623 1424 δέ
650 1358 706 1424 καλ
732 1362 1001 1447 Μητρόδωρος
1029 1360 1065 1424 έν

51 1466 173 1552 Ἰταλίᾳ
199 1465 254 1530 καὶ
282 1470 434 1551 Σικελία,
463 1464 641 1543 Εὔδοξος
670 1465 706 1531 ἐν
724 1464 817 1553 Ἀσίᾳ
843 1465 899 1531 καλ
927 1471 1065 1553 Σικελίᾳ

55 1573 111 1637 καί
134 1571 269 1659 Ἰταλία,
297 1559 449 1658 Καῖσαρ
479 1570 515 1636 έν
539 1570 675 1658 Ἰταλίην,
701 1570 911 1659 Ἵππαρχος
939 1574 975 1639 έν
1007 1579 1064 1638 Βι-

55 1683 170 1765 θυνία,
194 1682 445 1765 Δημόκριτος
465 1677 501 1742 έν
519 1678 715 1764 Μακεδονίᾳ
729 1678 784 1742 καὶ
801 1677 923 1765 Θρηίκη.
948 1681 1001 1744 διὸ
1023 1682 1063 1764 δή

54 1788 196 1870 μάλιστα
219 1788 261 1850 άν
283 1809 333 1862 τις
361 1785 540 1871 ε’φαρμόζοι
568 1787 625 1862 τάς
648 1781 709 1868 μέν
737 1795 803 1848 τῶν
831 1787 1064 1868 Αἰγυπτίων

10 1919 38 1959 15
56 1888 272 1976 ἐπισημασίας
294 1902 365 1968 ταῖς
387 1891 463 1976 περὶ
486 1900 608 1956 τοῦτον
626 1892 685 1955 τὸν
703 1891 915 1976 παράλληλον
933 1894 1064 1979 χώραις,

55 1999 204 2064 τουτέστι
232 1986 308 2063 καλά’
338 1998 377 2063 ὃν
404 1999 424 2081 ή
448 2001 584 2081 μεγίστη
608 2008 676 2061 τῶν
698 1998 830 2083 ἡμερῶν
853 1998 950 2083 ὡρῶν
973 1997 1064 2063 ἐστιν

55 2091 91 2170 ιδ
119 2108 330 2190 ἰσημερίνων·
361 2106 418 2180 τάς
450 2100 487 2167 δὲ
519 2102 724 2168 Δοσιθέου
757 2101 812 2167 καὶ
847 2107 1063 2189 Φιλίππου,

55 2210 132 2275 καθ’
161 2211 201 2275 όν
234 2211 323 2275 ἐστιν
355 2211 375 2294 ή
403 2213 539 2294 μεγίστη
568 2220 635 2274 τῶν
661 2210 793 2296 ἡμερῶν
821 2211 918 2295 ὡρῶν
949 2196 985 2276 ιδ
1011 2210 1063 2272 5⁰·

55 2320 113 2393 τὰς
128 2314 164 2382 δέ
179 2320 429 2403 Δημοκρίτου
445 2314 500 2380 καὶ
516 2319 718 2402 Καίσαρος
742 2315 796 2380 καὶ
817 2315 1111 2404 Ἱππάρχου,94Α

10 2454 39 2492 ιο
55 2422 137 2501 καθ’Β
161 2423 242 2507 ὃνή
271 2427 406 2506 μεγίστη
430 2433 498 2486 τῶν
524 2423 657 2509 ἡμερῶν
684 2423 780 2507 ὡρῶν
804 2421 894 2487 ἐστιν
919 2425 1063 2511 ίσημερί·

128 2615 143 2668 l
160 2613 302 2684 ἀνέγραψε
313 2616 370 2671 PV
382 2618 390 2685 ]]
404 2615 422 2669 2
437 2617 485 2669 καὶ
501 2617 566 2668 ante
580 2611 717 2678 κατέταξα
733 2631 785 2668 om.
795 2616 822 2668 L
838 2619 842 2684 ]
858 2613 1007 2689 κατέταξα]
1023 2618 1062 2671 sic

55 2685 143 2740 etiam
161 2687 201 2755 R,
220 2684 352 2752 κατέταξε
363 2687 391 2739 Ρ
402 2689 410 2756 ]]
428 2686 447 2741 4
465 2684 595 2748 Μέτωνα,
611 2684 781 2755 Εὐκτήμονα
795 2686 893 2755 scripsi
907 2687 969 2742 coll.
989 2688 1063 2741 infra

55 2777 81 2812 v.
93 2763 116 2811 8.
129 2762 144 2810 9
160 2760 188 2810 et
201 2777 227 2827 p.
239 2763 299 2825 276,
312 2764 334 2810 1.
347 2763 362 2809 2
377 2774 427 2827 pro
444 2757 620 2826 Εὐκτήμονα,
635 2754 757 2811 Μέτωνα
772 2759 781 2827 Ι]
795 2757 812 2812 5
826 2755 989 2828 Ἵππαρχον,
1006 2766 1063 2828 Δη-

55 2825 187 2898 μόκριτον
202 2827 300 2908 seripsi
315 2828 378 2882 coll.
393 2828 467 2882 infra
482 2847 507 2882 v.
524 2833 609 2880 1213
623 2843 673 2896 pro
689 2825 873 2897 Δημόκριτον,
886 2826 1040 2899 Ἵππαρχον
1054 2830 1064 2901 ]]

54 2899 74 2953 6
94 2900 153 2971 Κῷ]
170 2899 267 2968 scrips1
282 2916 315 2952 ex
329 2901 365 2968 B,
385 2899 433 2967 qui
454 2899 491 2953 00
505 2897 590 2952 vertit
605 2897 677 2967 (fort.
692 2903 741 2971 Κῷ
755 2899 850 2968 νήσω),
870 2899 955 2953 ceteri
970 2905 1063 2954 Κολω-

55 2968 130 3025 νείαε
143 2970 176 3024 cf.
188 2971 301 3024 Boeekh
310 2970 329 3023 l.
341 2989 360 3023 s.
371 2989 397 3039 p.
405 2977 439 3024 34
448 2969 485 3041 ]]8
499 2971 548 3023 καὶ
559 2966 675 3060 Φωκίδι]
687 2986 739 3023 om.
751 2970 790 3042 Ρ]
802 2955 866 3039 post
873 2969 1063 3043 Ἑλλησπόντῳ

55 3024 121 3095 add.
140 3043 188 3095 καὶ
204 3040 336 3110 Ἀθήνησι
349 3041 381 3096 U.
401 3058 426 3110 p.
443 3046 476 3093 37
493 3043 497 3110 Ι
513 3041 562 3094 καλ
582 3041 748 3112 Εὐκτήμων]
763 3058 816 3095 om.
832 3042 860 3094 P
871 3041 912 3110 ]]9
930 3042 984 3095 κάν
1002 3050 1063 3104 ταῖς

55 3129 124 3166 corr.
144 3112 176 3166 U.
195 3131 221 3181 p.
238 3118 271 3166 37
296 3128 346 3182 pro
372 3113 421 3166 καὶ
444 3119 505 3173 ταῖς
528 3111 586 3177 (καὶ
609 3109 659 3173 τὰς
682 3112 730 3180 L)3
763 3112 811 3166 καὶ
835 3108 865 3166 έν
888 3120 950 3174 ταῖς
973 3111 1062 3166 voluit

54 3184 170 3237 Boeekh
189 3200 282 3252 opusc.
297 3183 336 3236 ΠΙ
354 3201 380 3252 p.
396 3187 448 3235 433
463 3185 471 3252 ]]
487 3182 522 3235 11
543 3182 591 3235 καὶ
605 3184 720 3256 Σικελίᾳ
740 3199 792 3237 om.
807 3182 862 3236 LP
873 3185 882 3251 ]]
897 3182 933 3235 12
952 3188 1061 3253 Καῖσαρ

56 3254 87 3309 ἐν
103 3252 204 3308 Ἰταλία
223 3255 287 3308 add.
302 3255 361 3308 LV
376 3255 450 3308 recte
469 3252 514 3322 (cf.
529 3252 642 3306 Boeckh
660 3252 678 3306 1.
699 3257 743 3323 s.);
767 3254 815 3307 sed
833 3269 978 3322 perperam
997 3258 1062 3308 ante

55 3330 165 3392 Καῖσαρ
173 3310 278 3379 sterant
286 3323 477 3394 Μητρόδωρος
487 3323 517 3378 έν
526 3321 694 3378 Μακεδονία
705 3325 753 3378 καὶ
765 3324 861 3398 Θρᾴκη
872 3327 908 3393 (v,
918 3328 1045 3395 p.260,1)
1054 3327 1063 3398 ]]

55 3396 94 3452 13
114 3394 297 3467 Δημόκριτος]
317 3401 353 3450 Μ
369 3394 507 3465 τρέδωρος
525 3395 590 3463 LP,
610 3395 659 3448 sed
678 3379 766 3449 Vhic
784 3394 848 3448 hab.
869 3393 1060 3469 Δημόκριτος]

56 3471 102 3522 δεῖ
119 3467 236 3537 μάλιστα
255 3416 423 3536 έφαρμίζειν
442 3465 513 3521 coni.
528 3466 623 3520 Petav.
638 3468 647 3536 ]]
662 3464 699 3519 14
719 3465 754 3521 άν
773 3486 814 3529 τις
833 3466 895 3520 add.
916 3468 959 3534 Κ]
976 3465 1061 3536 έφαρ-

56 3536 134 3609 μόζοι
153 3539 216 3607 LV,
241 3537 408 3608 ἐφαρμόζειν
428 3539 494 3605 cet„
518 3539 619 3607 aliquis
637 3544 733 3605 aptare
747 3538 849 3607 poterit
866 3537 894 3591 B
922 3539 930 3606 ]]
959 3537 995 3591 19
1014 3539 1062 3592 καί

57 3613 123 3663 ante
143 3607 283 3678 Καίσαρος
302 3626 354 3666 om.
375 3610 401 3662 L
415 3611 424 3679 ]]
439 3608 476 3661 20
494 3610 558 3678 post
578 3605 610 3662 ὃν
629 3608 682 3663 del.
702 3609 750 3662 καὶ
768 3608 890 3663 Hercher

799 3696 850 3752 18*
