2490 4124
175 235 217 301 58
506 235 595 293 LYDI
611 235 660 289 DE
680 234 853 303 OSTENTIS

174 399 209 465 αἰ
231 394 349 485 χῶραι)
373 396 547 482 ἀφθονίαν
568 395 631 482 μὲν
652 406 713 463 τοῦ
737 401 831 464 σίτου
855 399 1076 492 διασημαίνει,
1098 408 1185 463 πτῶ-

140 513 231 571 Βσιν
258 502 295 571 δὲ
318 503 453 589 ἀνδρῶν
476 501 623 581 ἐνδόξων
645 503 682 568 ἐν
703 515 775 582 ταῖς
798 503 985 590 εἰρημέναις
1007 505 1184 587 διαφαινο-

173 609 284 695 μὲνων
309 612 447 698 χώραις,
474 609 530 676 καί
558 610 620 676 ούκ
647 610 781 697 ἀνδρῶν
803 613 910 695 μόνον
932 610 1016 676 ἀλλά
1038 610 1093 675 καί
1115 622 1183 676 τῶν
1197 641 1237 682 σοι

174 716 211 782 ἰν
237 727 307 795 τοῖς
335 719 448 794 ἀλλοις
477 715 571 804 ζῴοις
594 716 793 802 ἀρσενικῶν,
822 717 873 782 ὅτι
896 719 998 804 ἀρρεν
1021 715 1182 804 ζφδιονὸ

172 824 344 911 ὑδροχόος.
1211 854 1224 894 5

235 929 269 995 ‘0
291 933 403 1014 ἥλιος
421 928 502 1014 <ἕν>
523 930 661 1014 ἰχθύσι
684 928 777 1015 μηνί
796 933 968 1018 Μαρτίῳ.
1005 939 1065 995 τοῦ
1084 930 1182 1013 ἡλίου

173 1035 252 1122 <ἰν>
284 1039 400 1122 ἰχθύσι
437 1035 621 1120 γενομένου
658 1038 687 1102 εἰ
721 1038 825 1122 τυχὸν
856 1035 893 1102 ἐν
923 1035 1028 1127 ἡμέρα
1058 1038 1182 1122 βροντὴ

171 1141 317 1228 γένηται,
340 1143 358 1208 ὁ
382 1144 504 1227 ἄμητος
527 1145 619 1208 ἔσται
642 1143 857 1228 γεννημάτων
877 1141 1127 1227 ἀφθονώτατος,
1151 1144 1187 1207 οἵ

171 1273 206 1314 τε
233 1247 333 1336 ὑγροὶ
360 1247 481 1335 καρποὶ
510 1249 572 1334 οὐχ
598 1250 716 1333 ἥκιστα
744 1249 969 1314 ἐπιδώσουσιν
992 1248 1048 1313 ἐπί
1067 1273 1102 1314 τε
1124 1258 1183 1334 τῆς

170 1353 247 1420 καθ’
279 1339 364 1439 ημᾶς
386 1356 530 1440 Λυδίας,
558 1359 728 1439 Κιλικίας,
757 1358 975 1440 Παμφυλίας,
1006 1359 1182 1439 Φαζανίας,
1198 1387 1224 1426 10

23 1496 27 1503 ·
140 1463 449 1545 ΟΝασαμωνίτιδος
476 1461 531 1527 καὶ
556 1464 808 1547 Γαραμαντικῆς
835 1459 904 1550 (καί
932 1463 994 1548 γάρ
1022 1461 1087 1526 ὑπὸ
1112 1474 1183 1542 τοῖς

171 1569 310 1652 ἰχθύσιν
345 1570 379 1632 αἰ
415 1566 548 1656 χῶραι),
593 1569 633 1633 τά
669 1565 707 1633 δὲ
743 1571 850 1652 θηλεα
884 1579 952 1632 τῶν
989 1566 1080 1654 ζώων
1116 1569 1181 1636 ἀπὸ

170 1679 316 1758 λογικῶν
343 1673 405 1752 ἕως
433 1674 565 1759 ἀλόγων
592 1676 844 1761 σκυθρωπάσει,
872 1674 923 1739 ότι
946 1678 1036 1758 θῆλυ
1061 1674 1183 1763 ζῴδιον

170 1783 202 1847 ολ
226 1782 351 1866 ἰχθύες.

235 1888 287 1953 24.
315 1886 349 1952 Ὁ
380 1889 491 1972 ἥλιος
522 1886 606 1972 <ἑν>
637 1895 734 1976 κριῷ
765 1887 857 1973 μηνὶ
880 1886 1072 1976 Ἀπριλίφ.
1118 1899 1179 1954 τοῦ
1196 1919 1221 1958 15

167 1994 265 2079 ἡλίου
298 1994 352 2061 ε’πί
383 1996 443 2059 τὸν
473 1995 571 2081 κριὸν
602 1994 757 2074 ἀνιόντος
788 1996 817 2059 εἰ
846 1996 993 2081 βροντὴν
1019 1994 1180 2078 γενέσθαι

168 2105 313 2186 συμβαίη
337 2101 420 2166 ἀλλά
442 2103 486 2186 μὴ
509 2102 636 2187 βροχην
658 2101 939 2185 ἐπακολουθῆσαι,
963 2100 1020 2166 ἐπὶ·
1034 2106 1179 2189 Βρεταν-

132 2211 251 2291 Ιινίας,
271 2211 444 2292 Γαλατίας,
464 2210 660 2294 Γερμανίας,
678 2212 892 2295 Βασταρνῶν,
912 2211 1041 2293 Συρίας
1054 2213 1178 2292 κοίλης,

162 2310 338 2397 Ἰουδαίας,
357 2312 546 2397 Ἰδουμαίας
567 2325 692 2391 πτῶσις
713 2314 904 2400 ἀνθρώπων
922 2317 1012 2379 ἔσται
1031 2319 1181 2401 θόρυβοί

165 2443 200 2484 τε
222 2423 305 2485 κατὰ
325 2423 438 2496 πόλεις
457 2418 512 2486 καί
530 2420 669 2505 πνιγμοὶ
687 2421 743 2486 καὶ
762 2420 883 2506 αύχμοί
901 2421 956 2486 καί
975 2433 1042 2486 τῶν
1060 2435 1178 2505 φυτῶν
1192 2453 1218 2491 εο

166 2525 320 2612 ἀκαρπία,
346 2526 401 2592 κοιλ
424 2528 652 2613 διαφερόντως
675 2538 743 2592 τῶν
765 2527 978 2615 ἀρρενωπῶυ,
1002 2527 1052 2593 ὅτι
1076 2531 1178 2616 ἀρρεν

166 2630 286 2719 ζῴδιον
309 2633 327 2699 ὁ
350 2636 452 2719 κριός.

228 2737 261 2803 Ὁ
287 2741 399 2824 ἥλιος
421 2739 505 2825 <έυ>
532 2736 660 2830 τοάύρφ
686 2740 779 2826 μηνί
803 2745 926 2830 Μαΐφ.
972 2744 1055 2807 κατά
1077 2751 1176 2808 τοῦτο

111 2855 242 2941 ειιιΑτοῦΙ
265 2856 385 2933 καιροῦ
408 2849 438 2911 εἰ
459 2849 606 2933 βροντὴν
629 2847 842 2935 ἐπιτροχάσαι
863 2851 1020 2933 συμβαίη,
1043 2850 1176 2914 ἔνδειαν

234 3040 253 3094 6
270 3042 336 3108 post
349 3037 468 3114 Μαρτίφ
487 3039 551 3094 add.
566 3040 595 3096 P
610 3040 684 3094 rubr.
706 3039 746 3095 ἔτι
764 3041 910 3113 καίφεβρ.
928 3042 932 3112 Ι
949 3049 999 3096 τοῦ
1015 3043 1082 3095 ante
1096 3039 1176 3111 ἡλίου

164 3111 229 3168 add.
248 3111 322 3166 rubr.
342 3113 371 3167 P
385 3113 395 3180 ΙΙ
416 3112 430 3166 7
450 3110 529 3181 τύχοι
546 3111 592 3182 ΡΙ
609 3112 730 3183 βροντὴν
748 3108 883 3182 γενέσθαι
902 3114 930 3166 Ρ
949 3115 963 3183 ΙΙ,
982 3112 1000 3168 8
1019 3111 1034 3167 ὁ
1054 3128 1107 3166 om.
1127 3113 1190 3185 ΡΗ,

164 3183 201 3237 12
229 3182 272 3237 ita
299 3182 462 3252 interpun'xi
490 3185 519 3236 οἰ
545 3181 580 3237 τά
608 3181 639 3237 δὲ
668 3199 703 3237 ex
725 3185 754 3239 P
779 3183 891 3253 seripsi;
919 3183 1005 3238 ceteri
1026 3186 1093 3253 post
1117 3183 1176 3238 ἐπι·

163 3255 300 3310 δώσουσιν
324 3257 361 3324 (9)
384 3253 589 3324 interpungunt
611 3256 641 3308 οἰ
662 3253 698 3309 τὰ
721 3253 753 3309 δὲ
777 3254 867 3310 omitt.
892 3258 896 3326 Ι
920 3254 1034 3324 θηλυκὰ
1057 3257 1086 3309 Ρ
1105 3257 1115 3326 Ιχ
1138 3255 1177 3310 13

164 3324 363 3395 σκνθρωπάζει
382 3326 406 3380 U
425 3328 434 3396 ΙΙ
455 3325 492 3380 15
508 3323 645 3399 Ἀπριλίφ]
664 3322 755 3393 μαρτί,
775 3327 824 3380 καί
842 3327 950 3396 ἀπριλλ.
969 3325 1044 3381 rubr.
1063 3328 1092 3382 P
1105 3328 1110 3395 Ι
1125 3335 1177 3381 τοῦ

165 3399 232 3451 μελε
260 3394 339 3466 ἡλίου
368 3397 432 3452 add.
456 3398 531 3453 rubr.
556 3398 584 3450 P
603 3399 612 3467 ΙΙ
636 3397 673 3452 18
697 3397 878 3465 Βαστάρνωνε
903 3415 971 3452 corr
995 3397 1029 3451 H.
1052 3417 1079 3468 p.
1100 3398 1174 3469 325}

127 3477 129 3482 ’
164 3465 259 3536 κοίλης
272 3470 441 3539 ΣωρίαςΡίΙ
455 3468 494 3523 20
513 3469 561 3524 καί
576 3469 642 3523 ante
655 3477 711 3523 τῶν
726 3485 780 3523 om.
794 3470 842 3538 ΡΙΙ
856 3467 893 3522 22
912 3469 1012 3534 ζώδιον
1027 3468 1113 3538 ἄρρεν
1127 3469 1177 3540 P!

165 3537 203 3592 28
222 3540 319 3612 Μαΐῳ]
339 3541 445 3664 ἀπριλλ.
466 3540 514 3595 καί
533 3538 615 3610 μάιος
632 3538 706 3595 rubr.
727 3540 755 3596 P
775 3541 779 3608 Ι
801 3538 875 3594 κατά
892 3548 975 3594 τοῦτο
994 3549 1043 3594 τοῦ
1063 3548 1162 3608 καιροῦ

162 3616 213 3663 τοῦ
231 3610 326 3680 (rubr.)
345 3611 379 3680 ἡλ
391 3631 424 3665 ου
443 3611 535 3683 ταύρῳ
554 3609 635 3674 ὄντος
653 3611 681 3663 Ρ
697 3613 708 3680 ΙΙ
728 3608 766 3664 24
786 3609 977 3691 ἐπιτροχάσαι]
996 3610 1132 3680 γενέσθαι
