2490 4124
166 273 169 278 -
183 231 244 287 LVI
549 230 823 287 PROLEGOMENA

255 399 338 458 Duas
367 399 465 459 solum
491 418 552 459 non
579 399 623 458 Ita
651 399 796 459 absurdas
823 398 941 475 profert
965 400 1135 460 offensiones
1154 372 1213 456 οὗ

187 489 306 550 easdem
333 489 393 546 iam
428 489 673 548 commemoravit
706 488 849 549 Patavina
876 491 939 548 not.
969 489 1001 547 in
1038 488 1209 564 uranoloff

185 598 214 654 p.
233 578 298 637 415
322 577 538 653 circumspecto
557 577 668 637 iudici0
687 577 732 636 ita
749 578 883 637 locutus:
908 577 1000 654 „duo
1024 581 1096 637 sunt
1117 580 1204 654 quae

186 667 256 726 falsi
280 665 480 742 suspicionem
503 669 634 727 movent.
679 666 836 725 alterum
861 667 942 742 quod
971 666 1196 744 aequinoctium

186 756 362 816 autumnale
376 773 445 813 cum
458 754 626 814 Ptolemaei
640 754 848 815 observatione
863 773 923 814 non
941 756 1090 815 convenit,
1125 772 1193 813 nam

188 845 289 907 Thoth
320 842 438 903 Actiaci
470 843 601 903 XXVIII
634 844 655 904 i.
684 862 708 903 e.
738 842 903 919 Septembr.
931 842 1015 901 XXV
1053 843 1191 903 adscribit

186 932 419 1009 aequinoctium.
466 932 657 992 Ptolomaeus
680 950 707 991 a.
732 930 799 991 Chr.
824 933 886 991 139
916 931 1091 993 observavIt
1117 932 1190 991 idem

189 1021 414 1098 aequinoctium
433 1019 617 1096 Septembris
640 1020 752 1089 XXVI,
775 1021 850 1080 hora
872 1020 935 1079 fere
953 1020 1013 1079 VII
1035 1021 1192 1098 matutina,

186 1110 304 1170 tardius
326 1128 386 1169 uno
410 1109 467 1170 die.
512 1111 652 1187 congruit
674 1128 858 1186 parapegma
880 1111 1018 1168 nostrum
1036 1128 1109 1170 cum
1126 1129 1192 1171 vero

186 1199 325 1276 ingressu
354 1197 426 1257 solis
455 1198 487 1255 tn
516 1198 627 1256 libram
654 1217 731 1258 anno
756 1199 853 1274 primo
876 1198 1004 1258 Iuliano.
1052 1199 1106 1258 sed
1128 1199 1194 1258 huic

187 1288 298 1363 opponi
320 1288 422 1362 potest
444 1304 605 1345 consensus
632 1287 793 1364 utriusque
820 1287 852 1345 in
879 1287 1072 1364 aequinoctio
1096 1306 1195 1350 verno.

183 1395 255 1435 nam
283 1375 475 1435 Ptolemaeus
506 1393 531 1434 a.
564 1374 631 1434 Chr.
664 1375 739 1435 ch
770 1375 940 1437 observavit
971 1377 1197 1453 aequinoctium

186 1463 291 1523 Martii
313 1463 400 1522 XXII
426 1463 501 1522 hora
524 1463 539 1521 I
561 1467 631 1540 post
657 1465 824 1543 meridiem,
857 1465 909 1542 qui
937 1466 983 1524 est
1010 1465 1197 1526 Phamenoth

186 1551 305 1611 Actiaci
323 1551 438 1630 XXIII,
463 1571 553 1629 quem
571 1553 603 1611 in
622 1553 701 1612 diem
718 1556 856 1613 nostrum
875 1573 995 1630 quoque
1012 1566 1199 1633 parapegma

116 1660 124 1674 ·
188 1641 331 1719 contulit3
354 1641 386 1700 in
405 1660 464 1718 quo
484 1641 634 1700 aIuliano
650 1642 770 1702 cardine
784 1643 873 1702 ambo
888 1642 1069 1718 discrepant
1110 1643 1196 1703 aesti-

189 1751 262 1792 vum
286 1730 450 1790 solstitium
472 1730 505 1788 in
527 1733 629 1790 nostro
648 1731 840 1790 librariorum
858 1730 985 1791 fortasse
1004 1732 1197 1810 neglegentia

189 1819 308 1897 excidit,
327 1820 408 1896 quod
425 1819 617 1879 Ptolemaeus
633 1819 804 1881 observavit
817 1837 896 1878 anno
910 1820 1015 1880 eodem
1038 1819 1109 1883 chr.
1124 1819 1197 1881 CXL

185 1909 267 1969 Iunii
297 1909 389 1970 XXV
438 1909 598 1968 hibernum
629 1928 718 1984 porro
751 1908 917 1968 solstItium
948 1907 1066 1969 Choeac
1100 1908 1197 1970 XXVI

185 1998 248 2058 sive
271 1997 444 2057 Decembris
472 1997 558 2056 XXII
581 1997 720 2075 affigitur
747 1997 779 2055 in
806 2000 1035 2074 parapegmatts,
1069 1989 1154 2076 quod
1180 2015 1198 2055 a

185 2085 304 2145 Iuliano
333 2086 462 2145 solstitio
486 2086 643 2146 distatr
632 2086 736 2164 itaqua
763 2085 847 2162 prior
873 2087 934 2147 ista
961 2086 1039 2146 ratio
1063 2106 1126 2147 non
1153 2106 1197 2146 sa·

185 2174 226 2233 tis
254 2174 361 2232 idonea
390 2177 436 2233 est
463 2174 500 2232 ob
529 2193 620 2251 quarn
647 2194 665 2234 a
692 2175 866 2235 Ptolemaeo
894 2174 1005 2233 librum
1034 2176 1117 2236 hunc
1148 2176 1199 2235 ab

185 2257 379 2323 iudicemus“

250 2351 337 2410 Addo
365 2351 397 2409 in
424 2350 522 2410 codice
552 2350 705 2412 Saviliano
735 2355 766 2411 et
794 2352 1024 2412 Bonaventurae
1048 2353 1197 2430 interpre-

184 2441 300 2499 tatIone
332 2439 482 2500 aestivum
517 2440 683 2500 solstitium
713 2441 810 2517 primo
843 2441 956 2517 Epiphi
987 2441 1089 2501 notari
1121 2443 1139 2503 i.
1173 2462 1197 2502 e.

185 2528 268 2587 XXV
291 2528 372 2605 Iun,
404 2531 507 2604 itaque
536 2530 640 2588 eodem
667 2529 728 2607 die,
757 2549 817 2606 quo
848 2530 880 2588 id
902 2529 1074 2590 observavit
1096 2531 1197 2592 Ptole-

188 2635 303 2676 maeus.
338 2618 445 2693 plenus
465 2637 536 2694 ergo
556 2620 601 2677 est
621 2637 781 2678 consensus
801 2622 925 2695 excepto
943 2618 1073 2678 XXVIII
1084 2621 1199 2697 Thoth3

188 2707 280 2781 atque
311 2706 339 2764 ei
368 2705 427 2782 ipsi
455 2706 514 2765 diei
544 2726 603 2765 non
629 2726 787 2783 perperam
816 2708 1000 2784 adscriptum
1025 2711 1071 2767 est
1095 2709 1198 2785 aequi-

188 2794 323 2854 noctium
355 2796 543 2872 autumnale,
577 2815 645 2854 cum
676 2815 781 2857 revera
809 2816 843 2856 eo
873 2796 920 2855 die
949 2795 1095 2857 acciderit
1120 2816 1199 2858 anno

181 3036 280 3106 placcio
303 3036 369 3090 deca
391 3035 623 3102 carbunculum,
646 3037 837 3106 se'be'pulle'cm
860 3038 1054 3104 madefaceret;
1083 3038 1180 3094 ideo
1167 3054 1200 3092 eu

183 3107 295 3161 hemum
323 3107 479 3161 descendere
505 3107 600 3173 iussin
574 3108 659 3160 ttu
683 3105 748 3161 vide
772 3106 986 3161 adnotationem
1009 3106 1146 3162 criticam
1170 3110 1200 3162 et

183 3195 210 3247 p.
230 3183 298 3232 416·
326 3185 364 3248 τῇ
384 3177 424 3242 ιζ’
444 3185 502 3231 τοῦ
530 3148 625 3245 'Adire
651 3187 816 3248 χειμωνος
841 3179 926 3248 ἀρχὴ
953 3179 1009 3232 καὶ
1035 3178 1200 3249 σημαίνει

184 3243 375 3322 Εὐδόξῳ.
397 3251 569 3319 quidcem
587 3250 660 3303 illud
680 3250 824 3318 „Ecdoao
846 3248 1026 3321 sepcifieat‘t?
1057 3253 1083 3305 ιι
1100 3253 1166 3307 ab
1155 3268 1198 3304 aa·

182 3321 250 3388 feris
263 3323 323 3376 ecci
323 3327 428 3376 teretur
441 3321 587 3386 Eudoxus,
606 3291 704 3376 diceret
722 3323 775 3376 sebi
787 3338 844 3376 ccc
857 3323 1068 3391 cqciloceseoc
1080 3324 1200 3394 felqorc,

184 3393 231 3445 sed
253 3393 406 3461 impcdect‘
394 3410 450 3447 cam
472 3393 625 3447 vecordiam
647 3393 817 3447 mendacium
839 3393 1002 3464 ciquifieore.
1040 3395 1113 3462 quod
1131 3394 1201 3448 mebi

184 3464 257 3515 sice
256 3460 494 3543 νεκρομαντίᾳ
516 3479 573 3518 cca
590 3465 747 3544 sepulcrum
765 3470 825 3518 taut
825 3481 884 3532 cm,
907 3466 953 3518 sed
976 3471 1067 3532 aperte
1090 3467 1199 3519 democ-

185 3538 282 3588 streat.
304 3533 390 3586 mihi
413 3517 527 3602 quidem
549 3533 620 3588 haec
642 3551 699 3588 non
718 3507 884 3603 significant
898 3535 948 3588 sed
967 3536 1064 3603 aperte
1084 3536 1199 3590 demon-

185 3604 278 3657 strant
295 3604 468 3658 Pontederae
486 3604 675 3659 temeritatem
693 3604 770 3658 haud
788 3605 940 3675 vulgarem.
