2490 4124
121 994 218 1054 Liber
243 995 397 1072 Lydianns
429 1014 489 1071 quo
516 996 608 1071 paulo
641 996 904 1056 commendabilior
935 997 1072 1077 prodeat,

50 1085 165 1147 addidi
183 1084 394 1144 calendaria
418 1083 552 1143 Graeca
576 1103 652 1161 quae
672 1087 776 1144 extant
794 1085 903 1162 omnia,
927 1087 1068 1162 anonymi

52 1178 87 1235 in
102 1174 165 1231 fine
180 1171 349 1231 Geminiani
362 1172 432 1230 libri
452 1172 610 1246 adnexum,
629 1173 803 1251 Ptolemaei,
821 1173 904 1232 Aetli
922 1174 1070 1254 Amideni,

54 1261 308 1338 Quinctiliorum3
327 1261 455 1339 deniquo
475 1280 512 1319 ex
524 1261 603 1338 Lydi
621 1262 698 1321 libro
718 1264 754 1322 de
772 1263 934 1340 mensibuS,
953 1264 1072 1323 Eudoxi

57 1353 112 1430 qui
127 1351 229 1409 fertur
242 1369 357 1429 papyro
375 1350 526 1427 Parisino,
545 1349 730 1410 Columellae
749 1350 834 1410 libris
850 1352 886 1410 de
900 1371 933 1410 re
947 1352 1069 1430 rustica,

57 1439 189 1501 Polemii
215 1436 302 1498 Silvii
325 1439 421 1515 factio,
444 1438 610 1498 Florentini
635 1440 791 1517 georgicis,
810 1440 902 1499 Plinii
924 1441 1072 1500 naturalis

58 1528 191 1590 historia
217 1528 349 1603 excerpsi
372 1546 408 1586 ea
431 1546 508 1604 quae
532 1527 571 1585 ad
594 1528 765 1587 calendaria
788 1532 934 1605 spectant.

128 1615 400 1693 Calendarium,
436 1616 517 1693 quod
546 1635 626 1676 nunc
653 1617 684 1674 in
710 1617 819 1677 ultimo
849 1618 947 1694 capite
971 1610 1071 1702 (XVI)
1111 1630 1114 1635 ’

60 1705 204 1766 Gemini
221 1705 361 1784 isagoges
380 1705 546 1784 exhibetur,
565 1724 625 1765 non
640 1724 658 1763 a
672 1703 797 1764 Gemino
816 1706 881 1781 ipso
897 1707 1071 1781 compendio

60 1815 113 1855 suo
130 1794 332 1853 astronomico
347 1793 485 1852 additum
499 1812 572 1872 esse,
587 1795 639 1856 sed
658 1793 695 1851 ab
709 1794 828 1852 homine
843 1793 934 1853 sciolo
949 1791 1070 1853 aliunde

60 1885 272 1960 depromptum
295 1886 327 1941 et
348 1883 397 1941 hic
420 1883 483 1942 sine
512 1885 629 1942 ratione
653 1882 878 1958 adglutinatum
900 1882 1070 1942 Boeckhius

57 1974 132 2033 olim
160 1971 252 2032 evicit
279 1974 425 2048 quattuor
452 1971 638 2048 argumentis
666 1971 753 2029 nixus
783 1970 815 2028 in
841 1971 918 2030 libro
947 1970 995 2029 cui
1026 1973 1071 2030 in-

57 2061 194 2138 scripsit:
217 2061 289 2119 iiber
311 2060 358 2119 die
379 2061 573 2134 rierjdbripeo
590 2059 800 2119 Souaeolrreise
822 2060 874 2118 der
887 2057 984 2128 Alteri,
1007 2078 1072 2119 cor·

56 2150 172 2225 adplieb
191 2150 247 2208 dea
264 2148 479 2208 meetseren.
510 2149 613 2208 Berlin
630 2151 725 2225 1863,
743 2170 772 2225 p.
789 2151 829 2207 22
840 2167 881 2225 sq.
889 2140 915 2226 ¹)
939 2149 1072 2225 primum

57 2241 141 2300 enim
164 2237 291 2297 offendit
317 2238 349 2295 in
373 2257 421 2316 eo,
450 2237 531 2315 quod
558 2237 762 2296 calendarium
789 2237 872 2296 istud
900 2237 1073 2298 adnectitur

59 2348 97 2387 ne
128 2346 191 2386 uno
224 2325 345 2403 quidem
372 2327 463 2386 verbo
495 2326 532 2385 de
560 2329 686 2385 naturae
716 2326 780 2385 eius
808 2326 924 2386 ratione
959 2327 1070 2388 addite.

56 2416 167 2476 deinde
179 2413 322 2474 Geminus
336 2414 399 2490 ipse
414 2418 510 2474 totam
523 2415 785 2492 prognosticorum
798 2415 965 2475 doctrinam
978 2416 1069 2493 longe

58 2505 172 2564 abiecit
194 2503 294 2564 verbis
316 2503 397 2562 hisce
422 2495 499 2585 (cap.
513 2504 586 2562 XIV
603 2525 632 2580 p.
649 2506 689 2562 72
715 2504 758 2563 ed.
777 2496 917 2584 Halma):
946 2502 982 2563 τὰ
1004 2501 1071 2586 περὶ

56 2592 112 2665 τὰς
135 2589 329 2670 ἐπισημασίας
357 2583 421 2651 οὔτ’
440 2589 689 2672 ἐπιτογχοινόμενοι
713 2588 849 2671 ὁλοσχερῆ
873 2590 924 2652 τὸν
947 2589 1071 2654 ἔπαινον

55 2680 117 2761 ἔχει
141 2674 205 2741 οὔτ’
226 2677 486 2760 ἄποτογχοινόμενα
503 2679 688 2760 κατηγορίαν.
725 2677 846 2760 ἄτεχνον
864 2679 919 2760 γάρ
938 2699 971 2741 τι
984 2679 1071 2763 μέρος

56 2768 122 2848 ἐστὶΙ
152 2777 238 2830 τοῦτο
266 2776 317 2847 τῆς
349 2766 536 2850 ἀστρολογίας
567 2767 617 2829 καὶ
645 2767 713 2830 ,οὐκ
743 2766 845 2842 ἄξιον
876 2779 1070 2851 προφορᾶς.

58 2877 150 2937 porro
175 2857 318 2918 Geminus
346 2877 400 2933 per
427 2861 528 2918 totum
550 2859 663 2918 librum
686 2851 737 2941 (cf.
756 2859 885 2919 Boeckb.
908 2880 938 2935 p.
961 2862 1002 2918 10
1012 2850 1070 2939 sq.)

58 2947 201 3026 sequitur
214 2947 380 3022 Hipparchi
398 2947 520 3025 placita,
539 2966 606 3006 oum
626 2947 658 3005 in
676 2947 744 3006 aliis
762 2948 852 3007 rebus
870 2950 937 3006 tum
956 2947 988 3005 in
1002 2966 1070 3005 con·

60 3036 223 3097 stituendis
246 3035 352 3111 spatiis
374 3035 587 3112 trimestribus,
616 3054 693 3113 qnae
720 3036 751 3094 in
780 3037 878 3112 eapite
906 3035 1002 3110 primo
1025 3036 1070 3094 ita

60 3124 193 3202 exponit,
212 3127 247 3183 ut
264 3124 395 3200 primum
413 3125 482 3184 inde
497 3123 533 3183 ab
549 3125 643 3184 ariete
657 3143 753 3202 usque
768 3125 806 3183 ad
828 3143 968 3183 cancrum
989 3116 1069 3204 9472

60 3215 125 3274 dies
145 3213 287 3291 efficeret,
306 3213 469 3272 secundum
488 3231 506 3273 a
525 3232 630 3275 cancro
650 3214 688 3272 ad
706 3213 814 3272 libram
830 3205 925 3293 92¹f„
944 3212 1070 3271 tertium

60 3303 182 3362 alibro
205 3303 243 3361 ad
267 3302 474 3378 capricornum
498 3295 592 3383 881β81
622 3303 763 3380 quartum
792 3321 810 3360 a
836 3300 1008 3376 capricorno
1032 3301 1070 3360 ad

104 3490 160 3614 2913)
178 3489 251 3544 Item
267 3505 357 3558 nuper
375 3488 512 3543 iudicavit
528 3489 565 3543 M.
581 3488 610 3543 0.
624 3487 654 3542 P.
670 3487 798 3542 Schmidt
814 3485 913 3557 philol.
927 3487 982 3542 vol.
997 3487 1071 3543 XLV

61 3577 90 3628 p.
158 3605 163 3615 .

116 3659 187 3700 Iam.
201 3659 284 3702 Irruva
298 3659 534 3701 ed.Waehsmnth
561 3657 603 3699 Ed
613 3658 644 3699 11.
894 3645 912 3698 d
