2490 4124
223 291 226 298 ·
305 272 435 330 NIGIDII
453 272 686 328 TOMTRVALE
705 277 738 344 (c.
758 279 800 329 εε.
820 276 865 343 ιο)
1048 274 1091 338 67

147 434 205 500 ιθ’.
238 436 296 501 ἐὰν
327 439 510 524 βροντήση,
541 439 688 520 πόλεμον
719 438 816 521 δηλοῖ
842 434 897 501 καί
925 435 1093 502 ἀπώλειαν

78 543 248 607 δυνατῶν·
271 542 423 627 ἀφθονία
446 538 483 607 δὲ
506 545 597 608 ἔσται
620 553 687 606 τῶν
709 541 819 629 ξηρῶν
840 552 986 628 καρπῶν.

146 647 184 715 κ’.
212 649 270 715 ἐὰν
291 653 474 737 βροντηση,
498 649 627 734 αὐχμὸν
649 649 782 732 νοσώδη
807 648 942 715 ἀπειλεῖ.

23 782 63 821 ιιι
146 753 206 821 κα’.
234 754 292 822 ἐάν
318 759 501 843 βροντηση,
529 758 681 841 διχόνοια
709 759 799 821 ἔσται
826 767 896 834 τοῖς
920 755 1126 841 ὑπηκόοις,1)

50 859 150 926 τᾶλλ’
178 861 240 926 οὐκ
263 864 311 939 είς
332 864 472 949 μακράν.
1181 846 1184 853 ¹

144 967 206 1052 κβ’.
234 968 292 1033 ἐδιν
318 971 501 1055 βροντήση,
530 969 643 1053 ιἰχαθδι
669 965 731 1053 μὲν
757 978 827 1047 τοῖς
854 979 982 1046 κοινοῖς
1008 970 1090 1057 πρά-

76 1091 196 1159 γμασι,
223 1076 347 1152 νόσους
374 1072 412 1140 δὲ
434 1085 504 1152 τοῖς
527 1077 656 1159 σώμασι
679 1074 755 1163 περὶ
778 1077 839 1158 τὴν
861 1078 1011 1160 κεφαλὴν
1033 1093 1090 1160 ση-
1187 1075 1191 1084 ’

75 1184 198 1265 μαίνει.

145 1283 204 1369 κγ’.
233 1285 291 1366 ἐάν
317 1289 500 1373 βροντήση,
526 1288 546 1372 ἡ
575 1289 727 1372 διχόνοια
753 1297 814 1354 τοῦ
840 1289 948 1373 δήμου
970 1299 1143 1355 παυ-ῙΙοΑ

35 1420 61 1460 ιο
75 1395 228 1477 θησεται.

143 1497 205 1566 κδ.
233 1498 291 1564 ἐὰν
317 1503 500 1587 βροντήση,
528 1501 675 1566 δυνατοῦ
703 1500 885 1587 ἀνθρώπου
910 1503 1007 1586 δηλοῖ
1030 1502 1089 1567 δυ-

74 1607 180 1670 νατὸν
203 1605 359 1691 άτύχημα.

143 1710 198 1777 κε’.
231 1711 289 1778 ἐὰν
319 1715 503 1800 βροντήση,
534 1722 574 1800 τῇ
594 1717 738 1800 ’νεολαία
765 1713 908 1791 κάκωσις
935 1713 990 1779 καί
1018 1725 1088 1791 τοῖς

72 1829 215 1905 καρποῖς
238 1817 305 1902 μετ’
334 1819 445 1904 αὐτῆς,
468 1820 620 1903 νοσώδης
643 1816 680 1884 δὲ
704 1820 721 1885 ὁ
745 1820 861 1907 καιρὸς
883 1821 982 1884 ἔσται.

33 1951 60 1993 ιο
142 1923 201 1999 σις’.
234 1924 292 1990 ἐὰν
320 1929 502 2014 βροντήση,
531 1925 594 1991 άπὸ
622 1927 765 2011 μεγάλης
792 1926 953 2010 εὐθηνίας
976 1926 1119 1992 ἔνδειαΒ

74 2035 177 2096 ἔσται.
768 2023 771 2029 ’

141 2135 197 2216 κζ.
221 2137 280 2204 ἐὰν
297 2141 475 2226 βροντήση,
495 2138 683 2225 ἐκβρασμὸν
701 2149 771 2216 τοῖς
788 2139 938 2222 σώμασιν
952 2137 1087 2206 ἀπειλεῖ.

143 2242 201 2328 κη’.
231 2244 289 2310 ἐάν
315 2247 498 2332 βροντηση,
529 2247 641 2311 ἔνδεια
667 2247 800 2311 ὑδάτων
827 2244 882 2310 καὶ
910 2247 1008 2330 ὄχλος
1035 2244 1088 2333 ἕρ-

73 2361 185 2416 πετῶν
208 2351 397 2435 ἐπιβλαβῶν
420 2354 519 2417 ἔσται.

34 2483 61 2524 ιο
142 2456 207 2522 καθ’.
237 2458 299 2523 ἐὰν
320 2460 502 2544 βροντηση,
527 2457 700 2544 εὐετηρίαν
724 2460 829 2542 δηλοῖ.

142 2562 180 2631 λ’.
204 2563 261 2630 ἐάν
283 2566 465 2651 βροντήση,
488 2565 521 2629 οἱ
545 2565 721 2651 ἄνθρωποι
742 2564 779 2629 ἐκ
796 2568 1014 2649 ποινηλασίας
1033 2564 1087 2631 ἐπὶ

73 2671 115 2734 τὰ
137 2674 285 2757 χείριστα
307 2669 377 2736 τῶν
396 2672 610 2755 πταισμάτων
633 2670 885 2755 ὀλισθησουσιν.

446 2846 713 2913 ΑΤΓΟΤΣΤΟΣ
1095 2860 1115 2915 0

141 2971 194 3036 29.
219 2969 256 3036 α’.
276 2969 355 3038 Ἐάν
377 2975 555 3060 βροντηση,
578 2971 633 3037 καὶ
656 2973 696 3036 τά
717 2981 776 3056 τῆς
795 2976 963 3049 πολιτείας
980 2971 1085 3058 ἠρέμα

35 3092 144 3156 ω’πως
165 3082 327 3156 καλλίονα
349 3078 404 3144 καὶ
427 3079 571 3163 εὐθηνία
594 3081 694 3146 ἔσται.

145 3217 164 3272 2
179 3227 296 3288 καρπῶν
309 3219 397 3273 habet
410 3217 498 3273 etiam
512 3219 540 3271 P
550 3220 559 3287 ΙΙ
574 3217 592 3272 ὅ
607 3216 716 3287 μακρὸν
730 3217 773 3286 011
787 3216 805 3270 9
819 3217 837 3285 ἡ
852 3233 905 3272 om.
916 3218 964 3287 Pss
979 3216 1028 3270 11.
1045 3215 1083 3271 12

74 3289 199 3345 δυνατὸν
217 3293 389 3360 corruptum:
413 3289 509 3344 δεινόν
527 3288 573 3342 vel
591 3286 732 3357 ἀδόκητον
750 3286 795 3356 (cf.
814 3305 840 3356 p.
856 3293 899 3356 66,
915 3293 961 3356 133
981 3291 1022 3355 78,
1038 3290 1084 3358 13)

72 3359 161 3415 fuisse
189 3362 272 3416 credo
294 3364 304 3431 ΙΙ
327 3361 365 3415 18
392 3361 513 3424 κάκωσις
536 3358 634 3429 scripsi
652 3358 726 3429 (coll.
744 3377 772 3428 p.
788 3363 835 3426 73,
851 3360 894 3429 16)
917 3374 967 3427 pro
991 3367 1084 3422 κακῶς

72 3431 180 3502 ρατίλετ
202 3435 289 3500 atque
310 3450 337 3502 p.
354 3438 400 3502 68,
415 3438 449 3486 20
471 3434 480 3502 ΙΙ
503 3429 542 3487 14
565 3430 580 3484 δ
605 3447 657 3505 ραι.
676 3432 705 3485 Ρ
725 3432 734 3500 ΙΙ
757 3428 796 3484 15
815 3427 892 3483 ἔσται
917 3427 1012 3483 ίνδεια
1030 3430 1084 3555 Ρχί

73 3501 110 3561 l?
136 3502 291 3594 ἐκρραομὸς
312 3503 388 3558 idem
409 3503 488 3557 valet
510 3505 595 3570 atque
615 3500 713 3571 ἔκζεμα
735 3503 745 3572 ΙΙ
767 3500 805 3555 18
824 3501 873 3554 καὶ
891 3516 944 3554 om.
964 3501 992 3554 P
1012 3502 1021 3570 ΙΙ
1044 3500 1062 3555 2

72 3572 274 3656 όλιοθηοονται
293 3575 316 3629 0
335 3577 345 3645 ΙΙ
368 3574 406 3629 23
424 3575 492 3645 μηνὶ
509 3573 656 3645 Αόηοόστῳ
673 3572 750 3627 rubr.
767 3572 796 3625 P
813 3573 823 3641 ss
843 3569 881 3626 24
901 3570 926 3625 εί
944 3571 1082 3643 βροντήοη
1172 3632 1175 3637 ,

72 3645 108 3715 P,
127 3662 176 3713 qm
195 3645 225 3698 in
244 3644 344 3700 ceteris
361 3645 464 3700 mensis
483 3645 583 3699 diebus
602 3662 655 3699 om.
672 3645 676 3714 Ι
692 3644 741 3698 καὶ
758 3645 824 3697 ante
842 3642 878 3697 τὰ
897 3659 949 3697 om.
970 3645 998 3698 P

886 3731 921 3786 ὅ*
