<?xml version="1.0" encoding="UTF-8"?>
<!DOCTYPE html PUBLIC "-//W3C//DTD XHTML 1.0 Transitional//EN"
    "http://www.w3.org/TR/xhtml1/DTD/xhtml1-transitional.dtd">
<html xmlns="http://www.w3.org/1999/xhtml" xml:lang="en" lang="en">
 <head>
  <title>
</title>
<meta http-equiv="Content-Type" content="text/html;charset=utf-8" />
  <meta name='ocr-system' content='tesseract 3.04.00' />
  <meta name='ocr-capabilities' content='ocr_page ocr_carea ocr_par ocr_line ocrx_word'/>
</head>
<body>
  <div class='ocr_page' id='page_1' title='image "./joanneslaurenti00wachgoog_0040.png"; bbox 0 0 2490 4124; ppageno 0'>
   <div class='ocr_carea' id='block_1_1' title="bbox 292 267 1085 323">
    <p class='ocr_par' dir='ltr' id='par_1_1' title="bbox 292 267 1085 323">
     <span class='ocr_line' id='line_1_1' title="bbox 292 267 1085 323; baseline 0.001 -1"><span class='ocrx_word' id='word_1_1' title='bbox 292 268 333 322; x_wconf 84' lang='lat' dir='ltr'><strong>IN</strong></span> <span class='ocrx_word' id='word_1_2' title='bbox 350 267 437 321; x_wconf 89' lang='lat' dir='ltr'>LYDI</span> <span class='ocrx_word' id='word_1_3' title='bbox 454 267 594 322; x_wconf 86' lang='lat' dir='ltr'>LIBRVM</span> <span class='ocrx_word' id='word_1_4' title='bbox 611 267 660 321; x_wconf 86' lang='lat' dir='ltr'><strong>DE</strong></span> <span class='ocrx_word' id='word_1_5' title='bbox 681 267 853 323; x_wconf 82' lang='lat' dir='ltr'>OSTENTIS</span> <span class='ocrx_word' id='word_1_6' title='bbox 982 268 1085 323; x_wconf 81' lang='lat' dir='ltr'><strong>XXXV</strong></span> 
     </span>
    </p>
   </div>
   <div class='ocr_carea' id='block_1_2' title="bbox 63 434 1121 3261">
    <p class='ocr_par' dir='ltr' id='par_1_2' title="bbox 63 434 1121 2911">
     <span class='ocr_line' id='line_1_2' title="bbox 141 434 1081 515; baseline 0 -19"><span class='ocrx_word' id='word_1_7' title='bbox 141 437 199 496; x_wconf 84' lang='lat' dir='ltr'><strong>Oui</strong></span> <span class='ocrx_word' id='word_1_8' title='bbox 228 438 309 497; x_wconf 90' lang='lat' dir='ltr'><strong>malo</strong></span> <span class='ocrx_word' id='word_1_9' title='bbox 340 437 385 495; x_wconf 88' lang='lat' dir='ltr'><strong>ita</strong></span> <span class='ocrx_word' id='word_1_10' title='bbox 413 436 526 495; x_wconf 81' lang='lat' dir='ltr'>mederi</span> <span class='ocrx_word' id='word_1_11' title='bbox 549 435 652 495; x_wconf 79' lang='lat' dir='ltr'><strong>studet</strong></span> <span class='ocrx_word' id='word_1_12' title='bbox 680 434 711 494; x_wconf 82' lang='grc' dir='ltr'><strong>Ο.</strong></span> <span class='ocrx_word' id='word_1_13' title='bbox 731 436 766 494; x_wconf 93' lang='lat' dir='ltr'><strong>B.</strong></span> <span class='ocrx_word' id='word_1_14' title='bbox 787 435 881 496; x_wconf 91' lang='lat' dir='ltr'><strong>Hase</strong></span> <span class='ocrx_word' id='word_1_15' title='bbox 910 441 946 496; x_wconf 91' lang='lat' dir='ltr'><strong>ut</strong></span> <span class='ocrx_word' id='word_1_16' title='bbox 974 441 1081 515; x_wconf 90' lang='lat' dir='ltr'><strong>sumat,</strong></span> 
     </span>
     <span class='ocr_line' id='line_1_3' title="bbox 70 523 1081 603; baseline -0.001 -17"><span class='ocrx_word' id='word_1_17' title='bbox 70 529 203 588; x_wconf 88' lang='lat' dir='ltr'><strong>fortasse</strong></span> <span class='ocrx_word' id='word_1_18' title='bbox 231 525 350 603; x_wconf 84' lang='lat' dir='ltr'><strong>Lydum</strong></span> <span class='ocrx_word' id='word_1_19' title='bbox 378 544 394 584; x_wconf 89' lang='lat' dir='ltr'><strong>e</strong></span> <span class='ocrx_word' id='word_1_20' title='bbox 421 524 506 584; x_wconf 88' lang='lat' dir='ltr'><strong>libris</strong></span> <span class='ocrx_word' id='word_1_21' title='bbox 532 523 732 600; x_wconf 90' lang='lat' dir='ltr'><strong>haruspicinis</strong></span> <span class='ocrx_word' id='word_1_22' title='bbox 758 525 979 601; x_wconf 76' lang='lat' dir='ltr'>ritualibusque</span> <span class='ocrx_word' id='word_1_23' title='bbox 1008 526 1081 585; x_wconf 89' lang='lat' dir='ltr'><strong>sele·</strong></span> 
     </span>
     <span class='ocr_line' id='line_1_4' title="bbox 73 612 1081 695; baseline -0.002 -20"><span class='ocrx_word' id='word_1_24' title='bbox 73 617 154 695; x_wconf 81' lang='lat' dir='ltr'><strong>gisae</strong></span> <span class='ocrx_word' id='word_1_25' title='bbox 180 633 216 674; x_wconf 91' lang='lat' dir='ltr'><strong>ea</strong></span> <span class='ocrx_word' id='word_1_26' title='bbox 237 614 442 691; x_wconf 89' lang='lat' dir='ltr'><strong>potissimum,</strong></span> <span class='ocrx_word' id='word_1_27' title='bbox 466 632 543 689; x_wconf 90' lang='lat' dir='ltr'><strong>quae</strong></span> <span class='ocrx_word' id='word_1_28' title='bbox 563 612 602 671; x_wconf 91' lang='lat' dir='ltr'><strong>ad</strong></span> <span class='ocrx_word' id='word_1_29' title='bbox 620 631 676 671; x_wconf 88' lang='lat' dir='ltr'><strong>sua</strong></span> <span class='ocrx_word' id='word_1_30' title='bbox 694 631 812 690; x_wconf 91' lang='lat' dir='ltr'><strong>quoque</strong></span> <span class='ocrx_word' id='word_1_31' title='bbox 831 616 967 690; x_wconf 90' lang='lat' dir='ltr'><strong>tempora</strong></span> <span class='ocrx_word' id='word_1_32' title='bbox 984 615 1081 691; x_wconf 83' lang='lat' dir='ltr'><strong>regic-</strong></span> 
     </span>
     <span class='ocr_line' id='line_1_5' title="bbox 70 701 1080 782; baseline -0.003 -18"><span class='ocrx_word' id='word_1_33' title='bbox 70 723 186 782; x_wconf 88' lang='lat' dir='ltr'><strong>nesqne</strong></span> <span class='ocrx_word' id='word_1_34' title='bbox 215 702 273 763; x_wconf 91' lang='lat' dir='ltr'><strong>sibi</strong></span> <span class='ocrx_word' id='word_1_35' title='bbox 300 703 484 779; x_wconf 89' lang='lat' dir='ltr'><strong>propinquas</strong></span> <span class='ocrx_word' id='word_1_36' title='bbox 512 701 730 762; x_wconf 91' lang='lat' dir='ltr'><strong>accommodari</strong></span> <span class='ocrx_word' id='word_1_37' title='bbox 753 702 971 779; x_wconf 88' lang='lat' dir='ltr'><strong>quodammodo</strong></span> <span class='ocrx_word' id='word_1_38' title='bbox 994 721 1080 778; x_wconf 91' lang='lat' dir='ltr'><strong>posse</strong></span> 
     </span>
     <span class='ocr_line' id='line_1_6' title="bbox 70 787 1077 869; baseline -0.004 -15"><span class='ocrx_word' id='word_1_39' title='bbox 70 787 268 854; x_wconf 88' lang='lat' dir='ltr'><strong>existimaret.</strong></span> <span class='ocrx_word' id='word_1_40' title='bbox 298 791 511 868; x_wconf 89' lang='lat' dir='ltr'><strong>praetermissa</strong></span> <span class='ocrx_word' id='word_1_41' title='bbox 534 792 636 849; x_wconf 88' lang='lat' dir='ltr'><strong>autem</strong></span> <span class='ocrx_word' id='word_1_42' title='bbox 656 792 792 850; x_wconf 88' lang='lat' dir='ltr'><strong>consulto</strong></span> <span class='ocrx_word' id='word_1_43' title='bbox 811 809 875 851; x_wconf 89' lang='lat' dir='ltr'><strong>esse</strong></span> <span class='ocrx_word' id='word_1_44' title='bbox 894 791 994 850; x_wconf 88' lang='lat' dir='ltr'><strong>omnia</strong></span> <span class='ocrx_word' id='word_1_45' title='bbox 1014 791 1077 869; x_wconf 90' lang='lat' dir='ltr'><strong>illa,</strong></span> 
     </span>
     <span class='ocr_line' id='line_1_7' title="bbox 70 878 1080 959; baseline -0.002 -18"><span class='ocrx_word' id='word_1_46' title='bbox 70 901 150 959; x_wconf 90' lang='lat' dir='ltr'><strong>qnae</strong></span> <span class='ocrx_word' id='word_1_47' title='bbox 166 881 215 942; x_wconf 78' lang='lat' dir='ltr'><strong>vel</strong></span> <span class='ocrx_word' id='word_1_48' title='bbox 229 880 384 958; x_wconf 86' lang='lat' dir='ltr'><strong>adgentes</strong></span> <span class='ocrx_word' id='word_1_49' title='bbox 396 879 503 938; x_wconf 90' lang='lat' dir='ltr'><strong>Italiae</strong></span> <span class='ocrx_word' id='word_1_50' title='bbox 519 883 639 956; x_wconf 90' lang='lat' dir='ltr'><strong>Aequos</strong></span> <span class='ocrx_word' id='word_1_51' title='bbox 647 878 771 938; x_wconf 86' lang='lat' dir='ltr'><strong>Latinos</strong></span> <span class='ocrx_word' id='word_1_52' title='bbox 782 879 930 939; x_wconf 76' lang='lat' dir='ltr'><strong>Samnites</strong></span> <span class='ocrx_word' id='word_1_53' title='bbox 940 879 1080 939; x_wconf 81' lang='lat' dir='ltr'><strong>Picentes</strong></span> 
     </span>
     <span class='ocr_line' id='line_1_8' title="bbox 73 967 1080 1046; baseline -0.001 -17"><span class='ocrx_word' id='word_1_54' title='bbox 73 972 192 1030; x_wconf 77' lang='lat' dir='ltr'><strong>Tuscos</strong></span> <span class='ocrx_word' id='word_1_55' title='bbox 206 971 389 1046; x_wconf 80' lang='lat' dir='ltr'><strong>spectarent,</strong></span> <span class='ocrx_word' id='word_1_56' title='bbox 412 969 461 1028; x_wconf 86' lang='lat' dir='ltr'><strong>vel</strong></span> <span class='ocrx_word' id='word_1_57' title='bbox 480 968 518 1026; x_wconf 89' lang='lat' dir='ltr'><strong>ad</strong></span> <span class='ocrx_word' id='word_1_58' title='bbox 533 967 821 1028; x_wconf 81' lang='lat' dir='ltr'><strong>administrationem</strong></span> <span class='ocrx_word' id='word_1_59' title='bbox 835 969 1030 1043; x_wconf 88' lang='lat' dir='ltr'><strong>reipublicae</strong></span> <span class='ocrx_word' id='word_1_60' title='bbox 1044 969 1080 1028; x_wconf 90' lang='lat' dir='ltr'><strong>de</strong></span> 
     </span>
     <span class='ocr_line' id='line_1_9' title="bbox 68 1055 1079 1134; baseline -0.003 -15"><span class='ocrx_word' id='word_1_61' title='bbox 68 1058 203 1119; x_wconf 89' lang='lat' dir='ltr'><strong>comitiis</strong></span> <span class='ocrx_word' id='word_1_62' title='bbox 226 1057 383 1134; x_wconf 88' lang='lat' dir='ltr'><strong>auspicato</strong></span> <span class='ocrx_word' id='word_1_63' title='bbox 408 1056 557 1116; x_wconf 90' lang='lat' dir='ltr'><strong>edicendis</strong></span> <span class='ocrx_word' id='word_1_64' title='bbox 587 1055 732 1115; x_wconf 87' lang='lat' dir='ltr'><strong>obeundis</strong></span> <span class='ocrx_word' id='word_1_65' title='bbox 760 1056 946 1117; x_wconf 87' lang='lat' dir='ltr'><strong>dimittendis</strong></span> <span class='ocrx_word' id='word_1_66' title='bbox 968 1059 1017 1120; x_wconf 83' lang='lat' dir='ltr'><strong>vel</strong></span> <span class='ocrx_word' id='word_1_67' title='bbox 1040 1057 1079 1116; x_wconf 94' lang='lat' dir='ltr'><strong>ad</strong></span> 
     </span>
     <span class='ocr_line' id='line_1_10' title="bbox 68 1144 1081 1224; baseline -0.002 -18"><span class='ocrx_word' id='word_1_68' title='bbox 68 1149 139 1218; x_wconf 89' lang='lat' dir='ltr'><strong>loca</strong></span> <span class='ocrx_word' id='word_1_69' title='bbox 163 1148 314 1223; x_wconf 85' lang='lat' dir='ltr'><strong>augurata</strong></span> <span class='ocrx_word' id='word_1_70' title='bbox 336 1144 430 1204; x_wconf 88' lang='lat' dir='ltr'><strong>Latii·</strong></span> <span class='ocrx_word' id='word_1_71' title='bbox 446 1145 571 1222; x_wconf 84' lang='lat' dir='ltr'><strong>agrique</strong></span> <span class='ocrx_word' id='word_1_72' title='bbox 595 1145 734 1222; x_wconf 87' lang='lat' dir='ltr'><strong>Romani,</strong></span> <span class='ocrx_word' id='word_1_73' title='bbox 761 1145 914 1204; x_wconf 86' lang='lat' dir='ltr'><strong>Albanum</strong></span> <span class='ocrx_word' id='word_1_74' title='bbox 940 1149 1081 1224; x_wconf 90' lang='lat' dir='ltr'><strong>montem,</strong></span> 
     </span>
     <span class='ocr_line' id='line_1_11' title="bbox 68 1233 1080 1311; baseline -0.002 -16"><span class='ocrx_word' id='word_1_75' title='bbox 68 1238 177 1295; x_wconf 91' lang='lat' dir='ltr'><strong>lucum</strong></span> <span class='ocrx_word' id='word_1_76' title='bbox 206 1234 351 1311; x_wconf 87' lang='lat' dir='ltr'><strong>Maricae,</strong></span> <span class='ocrx_word' id='word_1_77' title='bbox 384 1233 606 1309; x_wconf 87' lang='lat' dir='ltr'><strong>armilustrum,</strong></span> <span class='ocrx_word' id='word_1_78' title='bbox 639 1235 727 1293; x_wconf 89' lang='lat' dir='ltr'><strong>aedes</strong></span> <span class='ocrx_word' id='word_1_79' title='bbox 759 1233 902 1293; x_wconf 91' lang='lat' dir='ltr'><strong>urbanas:</strong></span> <span class='ocrx_word' id='word_1_80' title='bbox 935 1253 970 1293; x_wconf 87' lang='lat' dir='ltr'><strong>ea</strong></span> <span class='ocrx_word' id='word_1_81' title='bbox 1000 1237 1080 1293; x_wconf 89' lang='lat' dir='ltr'><strong>enim</strong></span> 
     </span>
     <span class='ocr_line' id='line_1_12' title="bbox 70 1321 1080 1384; baseline -0.002 -1"><span class='ocrx_word' id='word_1_82' title='bbox 70 1326 185 1384; x_wconf 82' lang='lat' dir='ltr'><strong>ennete</strong></span> <span class='ocrx_word' id='word_1_83' title='bbox 208 1321 330 1382; x_wconf 82' lang='lat' dir='ltr'><strong>Graecis</strong></span> <span class='ocrx_word' id='word_1_84' title='bbox 352 1321 523 1381; x_wconf 91' lang='lat' dir='ltr'><strong>hominibus</strong></span> <span class='ocrx_word' id='word_1_85' title='bbox 547 1323 659 1381; x_wconf 89' lang='lat' dir='ltr'><strong>saeculi</strong></span> <span class='ocrx_word' id='word_1_86' title='bbox 682 1323 758 1381; x_wconf 85' lang='lat' dir='ltr'><strong>sexti</strong></span> <span class='ocrx_word' id='word_1_87' title='bbox 780 1342 881 1381; x_wconf 90' lang='lat' dir='ltr'><strong>rerum</strong></span> <span class='ocrx_word' id='word_1_88' title='bbox 903 1322 1080 1382; x_wconf 89' lang='lat' dir='ltr'><strong>Italicarum</strong></span> 
     </span>
     <span class='ocr_line' id='line_1_13' title="bbox 69 1409 1078 1472; baseline 0 0"><span class='ocrx_word' id='word_1_89' title='bbox 69 1411 290 1472; x_wconf 83' lang='lat' dir='ltr'><strong>incredibiliter</strong></span> <span class='ocrx_word' id='word_1_90' title='bbox 311 1411 438 1470; x_wconf 88' lang='lat' dir='ltr'><strong>rudibus</strong></span> <span class='ocrx_word' id='word_1_91' title='bbox 460 1409 585 1469; x_wconf 89' lang='lat' dir='ltr'><strong>fastidia</strong></span> <span class='ocrx_word' id='word_1_92' title='bbox 608 1429 643 1469; x_wconf 91' lang='lat' dir='ltr'><strong>ac</strong></span> <span class='ocrx_word' id='word_1_93' title='bbox 666 1415 800 1471; x_wconf 88' lang='lat' dir='ltr'><strong>monstra</strong></span> <span class='ocrx_word' id='word_1_94' title='bbox 818 1411 956 1471; x_wconf 88' lang='lat' dir='ltr'><strong>debuisse</strong></span> <span class='ocrx_word' id='word_1_95' title='bbox 975 1411 1078 1472; x_wconf 87' lang='lat' dir='ltr'><strong>videri.</strong></span> 
     </span>
     <span class='ocr_line' id='line_1_14' title="bbox 69 1499 1121 1578; baseline -0.002 -18"><span class='ocrx_word' id='word_1_96' title='bbox 69 1501 226 1561; x_wconf 81' lang='lat' dir='ltr'><strong>interdum</strong></span> <span class='ocrx_word' id='word_1_97' title='bbox 249 1517 369 1577; x_wconf 89' lang='lat' dir='ltr'><strong>qnoque</strong></span> <span class='ocrx_word' id='word_1_98' title='bbox 393 1517 441 1559; x_wconf 89' lang='lat' dir='ltr'><strong>res</strong></span> <span class='ocrx_word' id='word_1_99' title='bbox 463 1499 576 1576; x_wconf 89' lang='lat' dir='ltr'><strong>priscas</strong></span> <span class='ocrx_word' id='word_1_100' title='bbox 594 1499 747 1559; x_wconf 87' lang='lat' dir='ltr'><strong>vocabulis</strong></span> <span class='ocrx_word' id='word_1_101' title='bbox 765 1501 852 1560; x_wconf 87' lang='lat' dir='ltr'><strong>novis</strong></span> <span class='ocrx_word' id='word_1_102' title='bbox 871 1519 985 1578; x_wconf 88' lang='lat' dir='ltr'><strong>suoque</strong></span> <span class='ocrx_word' id='word_1_103' title='bbox 1003 1503 1079 1560; x_wconf 90' lang='lat' dir='ltr'><strong>tem·</strong></span> <span class='ocrx_word' id='word_1_104' title='bbox 1119 1516 1121 1521; x_wconf 69' lang='grc'>’</span> 
     </span>
     <span class='ocr_line' id='line_1_15' title="bbox 68 1586 1079 1667; baseline 0 -18"><span class='ocrx_word' id='word_1_105' title='bbox 68 1608 143 1667; x_wconf 89' lang='lat' dir='ltr'><strong>pore</strong></span> <span class='ocrx_word' id='word_1_106' title='bbox 170 1589 294 1648; x_wconf 86' lang='lat' dir='ltr'><strong>usitatis</strong></span> <span class='ocrx_word' id='word_1_107' title='bbox 322 1606 387 1647; x_wconf 89' lang='lat' dir='ltr'><strong>esse</strong></span> <span class='ocrx_word' id='word_1_108' title='bbox 416 1586 603 1664; x_wconf 78' lang='lat' dir='ltr'><strong>obscuratas3</strong></span> <span class='ocrx_word' id='word_1_109' title='bbox 631 1588 758 1666; x_wconf 91' lang='lat' dir='ltr'><strong>denique</strong></span> <span class='ocrx_word' id='word_1_110' title='bbox 786 1589 838 1648; x_wconf 93' lang='lat' dir='ltr'><strong>illo</strong></span> <span class='ocrx_word' id='word_1_111' title='bbox 867 1593 1001 1667; x_wconf 88' lang='lat' dir='ltr'><strong>tempore</strong></span> <span class='ocrx_word' id='word_1_112' title='bbox 1024 1591 1079 1648; x_wconf 90' lang='lat' dir='ltr'><strong>im-</strong></span> 
     </span>
     <span class='ocr_line' id='line_1_16' title="bbox 66 1676 1079 1757; baseline -0.002 -19"><span class='ocrx_word' id='word_1_113' title='bbox 66 1680 154 1757; x_wconf 91' lang='lat' dir='ltr'><strong>pium</strong></span> <span class='ocrx_word' id='word_1_114' title='bbox 177 1679 241 1736; x_wconf 87' lang='lat' dir='ltr'><strong>fere</strong></span> <span class='ocrx_word' id='word_1_115' title='bbox 264 1677 358 1736; x_wconf 79' lang='lat' dir='ltr'><strong>fuisse</strong></span> <span class='ocrx_word' id='word_1_116' title='bbox 380 1677 514 1752; x_wconf 84' lang='lat' dir='ltr'><strong>proferre</strong></span> <span class='ocrx_word' id='word_1_117' title='bbox 536 1676 568 1734; x_wconf 91' lang='lat' dir='ltr'><strong>in</strong></span> <span class='ocrx_word' id='word_1_118' title='bbox 590 1677 704 1755; x_wconf 88' lang='lat' dir='ltr'><strong>lucem,</strong></span> <span class='ocrx_word' id='word_1_119' title='bbox 734 1697 811 1755; x_wconf 90' lang='lat' dir='ltr'><strong>qnae</strong></span> <span class='ocrx_word' id='word_1_120' title='bbox 841 1697 877 1736; x_wconf 87' lang='lat' dir='ltr'><strong>ex</strong></span> <span class='ocrx_word' id='word_1_121' title='bbox 902 1677 1079 1755; x_wconf 89' lang='lat' dir='ltr'><strong>pontificum</strong></span> 
     </span>
     <span class='ocr_line' id='line_1_17' title="bbox 68 1765 1078 1844; baseline -0.003 -17"><span class='ocrx_word' id='word_1_122' title='bbox 68 1768 156 1827; x_wconf 90' lang='lat' dir='ltr'><strong>libris</strong></span> <span class='ocrx_word' id='word_1_123' title='bbox 171 1768 260 1825; x_wconf 88' lang='lat' dir='ltr'><strong>eruta</strong></span> <span class='ocrx_word' id='word_1_124' title='bbox 275 1767 375 1824; x_wconf 85' lang='lat' dir='ltr'><strong>essent</strong></span> <span class='ocrx_word' id='word_1_125' title='bbox 388 1765 425 1824; x_wconf 91' lang='lat' dir='ltr'><strong>de</strong></span> <span class='ocrx_word' id='word_1_126' title='bbox 439 1765 581 1841; x_wconf 90' lang='lat' dir='ltr'><strong>auspiciis</strong></span> <span class='ocrx_word' id='word_1_127' title='bbox 596 1766 706 1843; x_wconf 78' lang='lat' dir='ltr'><strong>cliniis,</strong></span> <span class='ocrx_word' id='word_1_128' title='bbox 729 1766 822 1824; x_wconf 89' lang='lat' dir='ltr'><strong>sacris</strong></span> <span class='ocrx_word' id='word_1_129' title='bbox 839 1766 1078 1844; x_wconf 77' lang='lat' dir='ltr'><strong>novendialibus,</strong></span> 
     </span>
     <span class='ocr_line' id='line_1_18' title="bbox 67 1853 1079 1931; baseline -0.003 -15"><span class='ocrx_word' id='word_1_130' title='bbox 67 1855 265 1916; x_wconf 86' lang='lat' dir='ltr'><strong>lectisterniis</strong></span> <span class='ocrx_word' id='word_1_131' title='bbox 286 1854 444 1931; x_wconf 87' lang='lat' dir='ltr'><strong>faciendis,</strong></span> <span class='ocrx_word' id='word_1_132' title='bbox 472 1853 742 1930; x_wconf 83' lang='lat' dir='ltr'><strong>supplicationibus</strong></span> <span class='ocrx_word' id='word_1_133' title='bbox 770 1855 849 1912; x_wconf 91' lang='lat' dir='ltr'><strong>circa</strong></span> <span class='ocrx_word' id='word_1_134' title='bbox 871 1855 986 1931; x_wconf 88' lang='lat' dir='ltr'><strong>templa</strong></span> <span class='ocrx_word' id='word_1_135' title='bbox 1007 1855 1079 1913; x_wconf 84' lang='lat' dir='ltr'><strong>fana</strong></span> 
     </span>
     <span class='ocr_line' id='line_1_19' title="bbox 67 1942 1077 2021; baseline -0.004 -17"><span class='ocrx_word' id='word_1_136' title='bbox 67 1943 244 2021; x_wconf 80' lang='lat' dir='ltr'><strong>pulvinaria</strong></span> <span class='ocrx_word' id='word_1_137' title='bbox 266 1943 466 2002; x_wconf 89' lang='lat' dir='ltr'><strong>decernendis.</strong></span> <span class='ocrx_word' id='word_1_138' title='bbox 509 1942 556 2000; x_wconf 81' lang='lat' dir='ltr'><strong>Sic</strong></span> <span class='ocrx_word' id='word_1_139' title='bbox 578 1942 674 2019; x_wconf 81' lang='lat' dir='ltr'><strong>igitur</strong></span> <span class='ocrx_word' id='word_1_140' title='bbox 696 1943 812 2001; x_wconf 88' lang='lat' dir='ltr'><strong>factum</strong></span> <span class='ocrx_word' id='word_1_141' title='bbox 834 1960 898 2001; x_wconf 88' lang='lat' dir='ltr'><strong>esse</strong></span> <span class='ocrx_word' id='word_1_142' title='bbox 920 1946 956 2001; x_wconf 89' lang='lat' dir='ltr'><strong>ut</strong></span> <span class='ocrx_word' id='word_1_143' title='bbox 979 1942 1010 2000; x_wconf 91' lang='lat' dir='ltr'><strong>in</strong></span> <span class='ocrx_word' id='word_1_144' title='bbox 1029 1962 1077 2001; x_wconf 85' lang='lat' dir='ltr'><strong>ex·</strong></span> 
     </span>
     <span class='ocr_line' id='line_1_20' title="bbox 68 2021 1076 2112; baseline -0.002 -19"><span class='ocrx_word' id='word_1_145' title='bbox 68 2033 181 2109; x_wconf 80' lang='lat' dir='ltr'><strong>carptis</strong></span> <span class='ocrx_word' id='word_1_146' title='bbox 205 2031 253 2090; x_wconf 91' lang='lat' dir='ltr'><strong>his</strong></span> <span class='ocrx_word' id='word_1_147' title='bbox 276 2030 379 2108; x_wconf 82' lang='lat' dir='ltr'><strong>Lydus</strong></span> <span class='ocrx_word' id='word_1_148' title='bbox 403 2050 462 2090; x_wconf 92' lang='lat' dir='ltr'><strong>non</strong></span> <span class='ocrx_word' id='word_1_149' title='bbox 485 2033 619 2091; x_wconf 88' lang='lat' dir='ltr'><strong>servaret</strong></span> <span class='ocrx_word' id='word_1_150' title='bbox 644 2030 704 2089; x_wconf 90' lang='lat' dir='ltr'><strong>nisi</strong></span> <span class='ocrx_word' id='word_1_151' title='bbox 730 2021 875 2112; x_wconf 58' lang='lat' dir='ltr'><strong>paucam)</strong></span> <span class='ocrx_word' id='word_1_152' title='bbox 903 2050 998 2108; x_wconf 89' lang='lat' dir='ltr'><strong>eaque</strong></span> <span class='ocrx_word' id='word_1_153' title='bbox 1026 2032 1076 2091; x_wconf 94' lang='lat' dir='ltr'><strong>ob-</strong></span> 
     </span>
     <span class='ocr_line' id='line_1_21' title="bbox 68 2110 1077 2201; baseline -0.002 -19"><span class='ocrx_word' id='word_1_154' title='bbox 68 2140 157 2182; x_wconf 90' lang='lat' dir='ltr'><strong>scnra</strong></span> <span class='ocrx_word' id='word_1_155' title='bbox 176 2120 322 2197; x_wconf 87' lang='lat' dir='ltr'><strong>antiquae</strong></span> <span class='ocrx_word' id='word_1_156' title='bbox 336 2119 539 2196; x_wconf 88' lang='lat' dir='ltr'><strong>persuasionis</strong></span> <span class='ocrx_word' id='word_1_157' title='bbox 553 2110 738 2201; x_wconf 56' lang='lat' dir='ltr'><strong>vestigium).</strong></span> <span class='ocrx_word' id='word_1_158' title='bbox 769 2120 834 2196; x_wconf 87' lang='lat' dir='ltr'><strong>ipse</strong></span> <span class='ocrx_word' id='word_1_159' title='bbox 847 2123 950 2179; x_wconf 88' lang='lat' dir='ltr'><strong>autem</strong></span> <span class='ocrx_word' id='word_1_160' title='bbox 964 2120 1077 2180; x_wconf 86' lang='lat' dir='ltr'><strong>Hasius</strong></span> 
     </span>
     <span class='ocr_line' id='line_1_22' title="bbox 67 2208 1079 2287; baseline -0.002 -17"><span class='ocrx_word' id='word_1_161' title='bbox 67 2211 99 2270; x_wconf 90' lang='lat' dir='ltr'><strong>in</strong></span> <span class='ocrx_word' id='word_1_162' title='bbox 120 2208 309 2269; x_wconf 89' lang='lat' dir='ltr'><strong>conficienda</strong></span> <span class='ocrx_word' id='word_1_163' title='bbox 330 2208 578 2285; x_wconf 88' lang='lat' dir='ltr'><strong>interpretatione</strong></span> <span class='ocrx_word' id='word_1_164' title='bbox 601 2208 712 2268; x_wconf 89' lang='lat' dir='ltr'><strong>Latina</strong></span> <span class='ocrx_word' id='word_1_165' title='bbox 734 2209 906 2269; x_wconf 87' lang='lat' dir='ltr'><strong>coniectura</strong></span> <span class='ocrx_word' id='word_1_166' title='bbox 929 2210 1079 2287; x_wconf 80' lang='lat' dir='ltr'><strong>sagaciter</strong></span> 
     </span>
     <span class='ocr_line' id='line_1_23' title="bbox 66 2297 1076 2376; baseline -0.004 -17"><span class='ocrx_word' id='word_1_167' title='bbox 66 2317 155 2375; x_wconf 88' lang='lat' dir='ltr'><strong>saepe</strong></span> <span class='ocrx_word' id='word_1_168' title='bbox 189 2300 222 2356; x_wconf 90' lang='lat' dir='ltr'><strong>et</strong></span> <span class='ocrx_word' id='word_1_169' title='bbox 251 2297 380 2357; x_wconf 84' lang='lat' dir='ltr'><strong>feliciter</strong></span> <span class='ocrx_word' id='word_1_170' title='bbox 410 2297 530 2373; x_wconf 88' lang='lat' dir='ltr'><strong>assequi</strong></span> <span class='ocrx_word' id='word_1_171' title='bbox 559 2300 684 2357; x_wconf 86' lang='lat' dir='ltr'><strong>conatus</strong></span> <span class='ocrx_word' id='word_1_172' title='bbox 716 2301 763 2358; x_wconf 90' lang='lat' dir='ltr'><strong>est</strong></span> <span class='ocrx_word' id='word_1_173' title='bbox 793 2317 859 2356; x_wconf 90' lang='lat' dir='ltr'><strong>eam</strong></span> <span class='ocrx_word' id='word_1_174' title='bbox 887 2299 1076 2376; x_wconf 90' lang='lat' dir='ltr'><strong>sententiam,</strong></span> 
     </span>
     <span class='ocr_line' id='line_1_24' title="bbox 67 2377 1077 2467; baseline -0.001 -20"><span class='ocrx_word' id='word_1_175' title='bbox 67 2406 144 2465; x_wconf 88' lang='lat' dir='ltr'><strong>quae</strong></span> <span class='ocrx_word' id='word_1_176' title='bbox 169 2386 244 2446; x_wconf 91' lang='lat' dir='ltr'><strong>olim</strong></span> <span class='ocrx_word' id='word_1_177' title='bbox 270 2386 364 2445; x_wconf 85' lang='lat' dir='ltr'><strong>fuerit</strong></span> <span class='ocrx_word' id='word_1_178' title='bbox 386 2386 439 2444; x_wconf 90' lang='lat' dir='ltr'><strong>sed</strong></span> <span class='ocrx_word' id='word_1_179' title='bbox 461 2405 479 2444; x_wconf 90' lang='lat' dir='ltr'><strong>a</strong></span> <span class='ocrx_word' id='word_1_180' title='bbox 501 2384 585 2461; x_wconf 88' lang='lat' dir='ltr'><strong>Lydo</strong></span> <span class='ocrx_word' id='word_1_181' title='bbox 609 2385 716 2446; x_wconf 88' lang='lat' dir='ltr'><strong>inscite</strong></span> <span class='ocrx_word' id='word_1_182' title='bbox 738 2377 932 2467; x_wconf 72' lang='lat' dir='ltr'><strong>perversa.⁵²)</strong></span> <span class='ocrx_word' id='word_1_183' title='bbox 968 2387 1077 2463; x_wconf 88' lang='lat' dir='ltr'><strong>Itaque</strong></span> 
     </span>
     <span class='ocr_line' id='line_1_25' title="bbox 67 2475 1077 2552; baseline 0.001 -18"><span class='ocrx_word' id='word_1_184' title='bbox 67 2476 181 2536; x_wconf 87' lang='lat' dir='ltr'><strong>Hasins</strong></span> <span class='ocrx_word' id='word_1_185' title='bbox 206 2493 390 2552; x_wconf 87' lang='lat' dir='ltr'><strong>quamquam</strong></span> <span class='ocrx_word' id='word_1_186' title='bbox 409 2475 546 2535; x_wconf 92' lang='lat' dir='ltr'><strong>concedit</strong></span> <span class='ocrx_word' id='word_1_187' title='bbox 568 2493 587 2534; x_wconf 93' lang='lat' dir='ltr'><strong>a</strong></span> <span class='ocrx_word' id='word_1_188' title='bbox 609 2475 694 2552; x_wconf 87' lang='lat' dir='ltr'><strong>Lydo</strong></span> <span class='ocrx_word' id='word_1_189' title='bbox 717 2476 814 2535; x_wconf 91' lang='lat' dir='ltr'><strong>multa</strong></span> <span class='ocrx_word' id='word_1_190' title='bbox 831 2476 944 2536; x_wconf 85' lang='lat' dir='ltr'><strong>novata</strong></span> <span class='ocrx_word' id='word_1_191' title='bbox 962 2493 1025 2534; x_wconf 89' lang='lat' dir='ltr'><strong>esse</strong></span> <span class='ocrx_word' id='word_1_192' title='bbox 1045 2478 1077 2535; x_wconf 93' lang='lat' dir='ltr'><strong>et</strong></span> 
     </span>
     <span class='ocr_line' id='line_1_26' title="bbox 63 2564 1075 2641; baseline 0 -17"><span class='ocrx_word' id='word_1_193' title='bbox 63 2566 200 2641; x_wconf 62' lang='lat' dir='ltr'><strong>mutam,</strong></span> <span class='ocrx_word' id='word_1_194' title='bbox 232 2565 334 2623; x_wconf 88' lang='lat' dir='ltr'><strong>tamen</strong></span> <span class='ocrx_word' id='word_1_195' title='bbox 366 2581 435 2621; x_wconf 91' lang='lat' dir='ltr'><strong>cum</strong></span> <span class='ocrx_word' id='word_1_196' title='bbox 468 2565 568 2622; x_wconf 89' lang='lat' dir='ltr'><strong>cetera</strong></span> <span class='ocrx_word' id='word_1_197' title='bbox 600 2564 712 2640; x_wconf 90' lang='lat' dir='ltr'><strong>scripta</strong></span> <span class='ocrx_word' id='word_1_198' title='bbox 743 2582 880 2623; x_wconf 88' lang='lat' dir='ltr'><strong>manasse</strong></span> <span class='ocrx_word' id='word_1_199' title='bbox 910 2564 1007 2623; x_wconf 88' lang='lat' dir='ltr'><strong>credit</strong></span> <span class='ocrx_word' id='word_1_200' title='bbox 1039 2583 1075 2624; x_wconf 79' lang='lat' dir='ltr'><strong>ex</strong></span> 
     </span>
     <span class='ocr_line' id='line_1_27' title="bbox 65 2652 1075 2732; baseline -0.002 -18"><span class='ocrx_word' id='word_1_201' title='bbox 65 2654 183 2730; x_wconf 92' lang='lat' dir='ltr'><strong>optimo</strong></span> <span class='ocrx_word' id='word_1_202' title='bbox 206 2652 374 2711; x_wconf 79' lang='lat' dir='ltr'><strong>scutetum</strong></span> <span class='ocrx_word' id='word_1_203' title='bbox 393 2653 549 2729; x_wconf 81' lang='lat' dir='ltr'><strong>fulgurum</strong></span> <span class='ocrx_word' id='word_1_204' title='bbox 567 2652 832 2729; x_wconf 86' lang='lat' dir='ltr'><strong>interpretationes</strong></span> <span class='ocrx_word' id='word_1_205' title='bbox 855 2672 919 2729; x_wconf 90' lang='lat' dir='ltr'><strong>cap.</strong></span> <span class='ocrx_word' id='word_1_206' title='bbox 934 2655 1075 2732; x_wconf 85' lang='grc'>47-52,</span> 
     </span>
     <span class='ocr_line' id='line_1_28' title="bbox 64 2741 1074 2818; baseline -0.001 -17"><span class='ocrx_word' id='word_1_207' title='bbox 64 2743 92 2801; x_wconf 91' lang='lat' dir='ltr'><strong>si</strong></span> <span class='ocrx_word' id='word_1_208' title='bbox 108 2759 211 2818; x_wconf 90' lang='lat' dir='ltr'><strong>pauca</strong></span> <span class='ocrx_word' id='word_1_209' title='bbox 229 2741 391 2818; x_wconf 85' lang='lat' dir='ltr'><strong>exceperis,</strong></span> <span class='ocrx_word' id='word_1_210' title='bbox 411 2743 547 2817; x_wconf 89' lang='lat' dir='ltr'><strong>sumptas</strong></span> <span class='ocrx_word' id='word_1_211' title='bbox 566 2759 630 2800; x_wconf 90' lang='lat' dir='ltr'><strong>esse</strong></span> <span class='ocrx_word' id='word_1_212' title='bbox 649 2759 685 2799; x_wconf 88' lang='lat' dir='ltr'><strong>ex</strong></span> <span class='ocrx_word' id='word_1_213' title='bbox 703 2742 779 2802; x_wconf 93' lang='lat' dir='ltr'><strong>libro</strong></span> <span class='ocrx_word' id='word_1_214' title='bbox 798 2746 900 2802; x_wconf 88' lang='lat' dir='ltr'><strong>vetere</strong></span> <span class='ocrx_word' id='word_1_215' title='bbox 918 2741 1074 2818; x_wconf 88' lang='lat' dir='ltr'><strong>pontificio</strong></span> 
     </span>
     <span class='ocr_line' id='line_1_29' title="bbox 64 2818 972 2911; baseline -0.004 -21"><span class='ocrx_word' id='word_1_216' title='bbox 64 2830 172 2890; x_wconf 88' lang='lat' dir='ltr'><strong>rituali</strong></span> <span class='ocrx_word' id='word_1_217' title='bbox 195 2829 343 2907; x_wconf 81' lang='lat' dir='ltr'><strong>fulgurali</strong></span> <span class='ocrx_word' id='word_1_218' title='bbox 367 2821 409 2911; x_wconf 91' lang='lat' dir='ltr'><strong>(p.</strong></span> <span class='ocrx_word' id='word_1_219' title='bbox 423 2825 499 2910; x_wconf 86' lang='lat' dir='ltr'>XX).</span> <span class='ocrx_word' id='word_1_220' title='bbox 969 2818 972 2823; x_wconf 65' lang='grc'><strong>’</strong></span> 
     </span>
    </p>

    <p class='ocr_par' dir='ltr' id='par_1_3' title="bbox 63 2916 1073 3261">
     <span class='ocr_line' id='line_1_30' title="bbox 132 2916 1072 2996; baseline -0.002 -18"><span class='ocrx_word' id='word_1_221' title='bbox 132 2917 168 2978; x_wconf 93' lang='grc'><strong>0.</strong></span> <span class='ocrx_word' id='word_1_222' title='bbox 182 2918 318 2977; x_wconf 78' lang='lat' dir='ltr'><strong>&#39;Mdller</strong></span> <span class='ocrx_word' id='word_1_223' title='bbox 340 2918 459 2977; x_wconf 82' lang='lat' dir='ltr'><strong>Etrusc.</strong></span> <span class='ocrx_word' id='word_1_224' title='bbox 482 2916 513 2975; x_wconf 92' lang='grc' dir='ltr'><strong>ΙΙ</strong></span> <span class='ocrx_word' id='word_1_225' title='bbox 536 2937 565 2993; x_wconf 91' lang='lat' dir='ltr'><strong>p.</strong></span> <span class='ocrx_word' id='word_1_226' title='bbox 582 2919 623 2976; x_wconf 89' lang='grc'><strong>42</strong></span> <span class='ocrx_word' id='word_1_227' title='bbox 648 2918 802 2996; x_wconf 90' lang='lat' dir='ltr'><strong>opinatur,</strong></span> <span class='ocrx_word' id='word_1_228' title='bbox 830 2919 943 2994; x_wconf 89' lang='lat' dir='ltr'><strong>scripta</strong></span> <span class='ocrx_word' id='word_1_229' title='bbox 965 2919 1072 2978; x_wconf 86' lang='lat' dir='ltr'><strong>Roma-</strong></span> 
     </span>
     <span class='ocr_line' id='line_1_31' title="bbox 66 3005 1073 3084; baseline -0.003 -16"><span class='ocrx_word' id='word_1_230' title='bbox 66 3027 176 3068; x_wconf 90' lang='lat' dir='ltr'><strong>norum</strong></span> <span class='ocrx_word' id='word_1_231' title='bbox 198 3005 347 3066; x_wconf 88' lang='lat' dir='ltr'><strong>Labeonis</strong></span> <span class='ocrx_word' id='word_1_232' title='bbox 369 3006 486 3084; x_wconf 80' lang='lat' dir='ltr'><strong>Nigidii</strong></span> <span class='ocrx_word' id='word_1_233' title='bbox 513 3007 643 3066; x_wconf 90' lang='lat' dir='ltr'><strong>aliorum</strong></span> <span class='ocrx_word' id='word_1_234' title='bbox 666 3007 703 3066; x_wconf 89' lang='lat' dir='ltr'><strong>de</strong></span> <span class='ocrx_word' id='word_1_235' title='bbox 726 3008 883 3084; x_wconf 90' lang='lat' dir='ltr'><strong>disciplina</strong></span> <span class='ocrx_word' id='word_1_236' title='bbox 905 3007 1036 3066; x_wconf 80' lang='lat' dir='ltr'><strong>Etrusca</strong></span> <span class='ocrx_word' id='word_1_237' title='bbox 1054 3026 1073 3065; x_wconf 94' lang='lat' dir='ltr'><strong>a</strong></span> 
     </span>
     <span class='ocr_line' id='line_1_32' title="bbox 63 3094 1072 3173; baseline -0.001 -18"><span class='ocrx_word' id='word_1_238' title='bbox 63 3094 276 3172; x_wconf 88' lang='lat' dir='ltr'><strong>haruspicibus</strong></span> <span class='ocrx_word' id='word_1_239' title='bbox 295 3095 510 3155; x_wconf 88' lang='lat' dir='ltr'><strong>recentioribus</strong></span> <span class='ocrx_word' id='word_1_240' title='bbox 533 3095 719 3170; x_wconf 88' lang='lat' dir='ltr'><strong>temporibus</strong></span> <span class='ocrx_word' id='word_1_241' title='bbox 742 3097 806 3156; x_wconf 90' lang='lat' dir='ltr'><strong>sola</strong></span> <span class='ocrx_word' id='word_1_242' title='bbox 830 3114 893 3155; x_wconf 88' lang='lat' dir='ltr'><strong>esse</strong></span> <span class='ocrx_word' id='word_1_243' title='bbox 916 3098 1072 3173; x_wconf 79' lang='lat' dir='ltr'><strong>usurpata,</strong></span> 
     </span>
     <span class='ocr_line' id='line_1_33' title="bbox 64 3184 1071 3261; baseline -0.003 -17"><span class='ocrx_word' id='word_1_244' title='bbox 64 3184 283 3261; x_wconf 88' lang='lat' dir='ltr'><strong>pedetemptim</strong></span> <span class='ocrx_word' id='word_1_245' title='bbox 306 3186 448 3260; x_wconf 88' lang='lat' dir='ltr'><strong>corrupta</strong></span> <span class='ocrx_word' id='word_1_246' title='bbox 471 3187 502 3243; x_wconf 91' lang='lat' dir='ltr'><strong>et</strong></span> <span class='ocrx_word' id='word_1_247' title='bbox 519 3202 660 3260; x_wconf 88' lang='lat' dir='ltr'><strong>perversa</strong></span> <span class='ocrx_word' id='word_1_248' title='bbox 682 3184 825 3244; x_wconf 84' lang='lat' dir='ltr'><strong>immixtis</strong></span> <span class='ocrx_word' id='word_1_249' title='bbox 848 3184 1071 3259; x_wconf 88' lang='lat' dir='ltr'><strong>superstitioni-</strong></span> 
     </span>
    </p>
   </div>
   <div class='ocr_carea' id='block_1_3' title="bbox 31 3351 1072 3564">
    <p class='ocr_par' dir='ltr' id='par_1_4' title="bbox 31 3351 1072 3564">
     <span class='ocr_line' id='line_1_34' title="bbox 136 3351 1072 3433; baseline -0.002 -27"><span class='ocrx_word' id='word_1_250' title='bbox 136 3355 182 3424; x_wconf 81' lang='lat'><strong>50)</strong></span> <span class='ocrx_word' id='word_1_251' title='bbox 199 3352 330 3408; x_wconf 88' lang='lat' dir='ltr'><strong>relictam</strong></span> <span class='ocrx_word' id='word_1_252' title='bbox 352 3355 447 3407; x_wconf 88' lang='lat' dir='ltr'><strong>tamen</strong></span> <span class='ocrx_word' id='word_1_253' title='bbox 466 3369 571 3422; x_wconf 88' lang='lat' dir='ltr'><strong>essep.</strong></span> <span class='ocrx_word' id='word_1_254' title='bbox 586 3354 720 3422; x_wconf 85' lang='lat' dir='ltr'>48A(=</span> <span class='ocrx_word' id='word_1_255' title='bbox 734 3370 761 3421; x_wconf 96' lang='lat' dir='ltr'><strong>p</strong></span> <span class='ocrx_word' id='word_1_256' title='bbox 776 3358 819 3420; x_wconf 84' lang='lat'><strong>39,</strong></span> <span class='ocrx_word' id='word_1_257' title='bbox 835 3351 913 3405; x_wconf 68' lang='lat' dir='ltr'><strong>lah.</strong></span> <span class='ocrx_word' id='word_1_258' title='bbox 935 3351 989 3432; x_wconf 83' lang='lat' dir='ltr'><strong>ed.)</strong></span> <span class='ocrx_word' id='word_1_259' title='bbox 1012 3352 1072 3433; x_wconf 83' lang='lat' dir='ltr'><strong>opi-</strong></span> 
     </span>
     <span class='ocr_line' id='line_1_35' title="bbox 63 3421 1072 3494; baseline -0.001 -16"><span class='ocrx_word' id='word_1_260' title='bbox 63 3422 177 3479; x_wconf 91' lang='lat' dir='ltr'><strong>nioncm</strong></span> <span class='ocrx_word' id='word_1_261' title='bbox 195 3425 385 3479; x_wconf 86' lang='lat' dir='ltr'><strong>Romanorum</strong></span> <span class='ocrx_word' id='word_1_262' title='bbox 402 3426 540 3493; x_wconf 86' lang='lat' dir='ltr'><strong>veterum,</strong></span> <span class='ocrx_word' id='word_1_263' title='bbox 564 3441 637 3493; x_wconf 89' lang='lat' dir='ltr'><strong>quae</strong></span> <span class='ocrx_word' id='word_1_264' title='bbox 654 3422 807 3494; x_wconf 86' lang='lat' dir='ltr'><strong>pertineret</strong></span> <span class='ocrx_word' id='word_1_265' title='bbox 825 3422 861 3477; x_wconf 91' lang='lat' dir='ltr'><strong>ad</strong></span> <span class='ocrx_word' id='word_1_266' title='bbox 886 3421 983 3491; x_wconf 88' lang='lat' dir='ltr'><strong>populi</strong></span> <span class='ocrx_word' id='word_1_267' title='bbox 1001 3423 1072 3477; x_wconf 82' lang='lat' dir='ltr'><strong>victi</strong></span> 
     </span>
     <span class='ocr_line' id='line_1_36' title="bbox 31 3493 994 3564; baseline -0.002 -14"><span class='ocrx_word' id='word_1_268' title='bbox 31 3550 33 3556; x_wconf 81' lang='grc'><em>,</em></span> <span class='ocrx_word' id='word_1_269' title='bbox 65 3495 253 3550; x_wconf 83' lang='lat' dir='ltr'><strong>caeremonias</strong></span> <span class='ocrx_word' id='word_1_270' title='bbox 273 3494 310 3549; x_wconf 89' lang='lat' dir='ltr'><strong>ad</strong></span> <span class='ocrx_word' id='word_1_271' title='bbox 329 3510 358 3549; x_wconf 89' lang='lat' dir='ltr'><strong>se</strong></span> <span class='ocrx_word' id='word_1_272' title='bbox 376 3494 452 3564; x_wconf 86' lang='lat' dir='ltr'><strong>ipsos</strong></span> <span class='ocrx_word' id='word_1_273' title='bbox 471 3495 695 3564; x_wconf 70' lang='lat' dir='ltr'><strong>transferendas,</strong></span> <span class='ocrx_word' id='word_1_274' title='bbox 709 3495 781 3548; x_wconf 89' lang='lat' dir='ltr'><strong>bene</strong></span> <span class='ocrx_word' id='word_1_275' title='bbox 798 3496 894 3549; x_wconf 90' lang='lat' dir='ltr'><strong>monet</strong></span> <span class='ocrx_word' id='word_1_276' title='bbox 911 3493 994 3549; x_wconf 89' lang='lat' dir='ltr'><strong>Hase.</strong></span> 
     </span>
    </p>
   </div>
   <div class='ocr_carea' id='block_1_4' title="bbox 135 3566 612 3708">
    <p class='ocr_par' dir='ltr' id='par_1_5' title="bbox 135 3566 612 3706">
     <span class='ocr_line' id='line_1_37' title="bbox 136 3566 612 3636; baseline 0 -16"><span class='ocrx_word' id='word_1_277' title='bbox 136 3569 181 3636; x_wconf 80' lang='lat'><strong>51)</strong></span> <span class='ocrx_word' id='word_1_278' title='bbox 198 3566 275 3620; x_wconf 81' lang='lat' dir='ltr'><strong>Hace</strong></span> <span class='ocrx_word' id='word_1_279' title='bbox 291 3566 410 3635; x_wconf 89' lang='lat' dir='ltr'><strong>praefat.</strong></span> <span class='ocrx_word' id='word_1_280' title='bbox 471 3567 562 3622; x_wconf 91' lang='lat' dir='ltr'><strong>XVIII</strong></span> <span class='ocrx_word' id='word_1_281' title='bbox 571 3584 612 3634; x_wconf 90' lang='lat' dir='ltr'><strong>sq</strong></span> 
     </span>
     <span class='ocr_line' id='line_1_38' title="bbox 135 3586 504 3708; baseline 0.003 -17"><span class='ocrx_word' id='word_1_282' title='bbox 135 3641 180 3708; x_wconf 78' lang='grc'><strong>62)</strong></span> <span class='ocrx_word' id='word_1_283' title='bbox 199 3637 234 3692; x_wconf 91' lang='lat' dir='ltr'><strong>cf</strong></span> <span class='ocrx_word' id='word_1_284' title='bbox 252 3637 372 3706; x_wconf 86' lang='lat' dir='ltr'><strong>praefat</strong></span> <span class='ocrx_word' id='word_1_285' title='bbox 391 3586 504 3706; x_wconf 69' lang='lat' dir='ltr'><strong>pitu.</strong></span> 
     </span>
    </p>
   </div>
   <div class='ocr_carea' id='block_1_5' title="bbox 880 3727 912 3782">
    <p class='ocr_par' dir='ltr' id='par_1_6' title="bbox 880 3727 912 3782">
     <span class='ocr_line' id='line_1_39' title="bbox 880 3727 912 3782; baseline 0 -26"><span class='ocrx_word' id='word_1_286' title='bbox 880 3727 912 3782; x_wconf 70' lang='lat' dir='ltr'><strong>c*</strong></span> 
     </span>
    </p>
   </div>
   <div class='ocr_carea' id='block_1_6' title="bbox 0 0 1250 4124">
    <p class='ocr_par' dir='ltr' id='par_1_7' title="bbox 0 0 1250 4124">
     <span class='ocr_line' id='line_1_40' title="bbox 0 0 1250 4124; baseline 0 2"><span class='ocrx_word' id='word_1_287' title='bbox 0 0 1250 4124; x_wconf 95' lang='lat' dir='ltr'><strong> </strong></span> 
     </span>
    </p>
   </div>
  </div>
 </body>
</html>
