2490 4124
110 225 200 280 XXIV
479 221 754 278 PROLEGOMENA
798 245 801 251 ¹

114 416 163 466 τος
187 392 417 470 ὑποπτεύουσιν,
439 389 595 470 ἐπειδήπερ
613 388 677 451 ἐκεῖ
690 389 764 450 ιιυτοί
782 411 848 450 τινα
867 387 1041 470 διαλογιιιὴν
1061 386 1140 470 ὁμο.

114 482 180 542 λίαν
203 481 294 565 ἐρωτᾷ
318 478 372 561 μὲν
396 481 490 560 δῆθεν
515 477 530 540 ὁ
557 479 688 560 Τύρχων,
711 476 899 559 ἀποκρίνεται
923 475 954 539 δὲ
979 475 994 539 ὁ
1015 480 1127 561 Τύρης.

115 591 193 649 quae
225 572 325 632 omnia
347 572 392 630 ita
415 573 589 647 comparata
616 572 699 644 suut,
728 571 765 628 ut
794 587 832 628 ne
860 568 897 627 de
925 570 1126 646 suppositieio

115 661 237 737 quidem
260 660 391 737 quodem
414 660 491 719 libro
515 677 606 736 quem
627 657 731 735 Lydus
750 657 915 735 genuinum
933 657 1078 717 habuerit
1095 661 1127 717 et

115 751 225 828 legerit
248 749 443 827 cogitandum
466 748 518 826 sit,
542 748 594 806 sed
613 747 649 806 de
667 746 796 806 ridicula
814 746 989 806 confusione
1010 747 1127 823 prisca-

114 859 182 898 rum
206 839 242 898 de
261 839 375 915 Tagete
398 836 571 896 fabularum
595 837 625 894 et
644 835 856 913 'legetioorum
873 834 1019 895 librorum
1043 855 1127 895 men-

115 928 205 988 tionis
231 923 278 1004 (de
303 925 412 1003 quibus
436 925 473 984 cf.
495 924 613 983 Miller.
636 925 754 984 Etruso.
773 923 804 983 II
826 943 854 999 p.
870 925 912 982 24
923 941 967 1000 sq.
991 927 1022 983 et
1045 943 1128 985 com·

115 1018 219 1075 menta
241 1014 356 1073 Lucani
378 1012 394 1070 I
419 1015 481 1072 636
500 1033 529 1089 p.
544 1015 596 1089 41,
614 1015 652 1073 19
674 1005 778 1094 Usen.)
802 1031 871 1071 cum
889 1013 1129 1074 narratiunculis

116 1103 331 1163 recentissimis
354 1102 510 1178 ipsiusque
534 1102 675 1161 stultitia.

183 1192 260 1252 Dein
294 1190 479 1268 Tarquitii
509 1182 672 1271 Prisci1⁸)
705 1190 817 1250 famam
849 1208 945 1267 usque
978 1190 1016 1249 ed
1048 1191 1129 1268 Lydi

120 1299 209 1341 aures
222 1279 456 1358 percrebruisse,
470 1298 529 1339 non
546 1282 590 1338 est
605 1299 659 1338 cur
671 1279 824 1356 miremur,
843 1279 954 1356 quippe
969 1279 1129 1356 scriptoris

118 1370 207 1430 facile
231 1369 365 1433 omnium
388 1368 441 1445 qui
464 1369 500 1427 de
523 1369 652 1428 Etrusca
670 1367 829 1443 disciplina
852 1367 1025 1442 scripserint
1049 1370 1127 1428 cele·

118 1458 256 1532 berrimi,
293 1457 380 1516 cuius
417 1457 530 1533 scripta
566 1461 597 1516 et
627 1457 752 1517 Verrius
788 1456 913 1516 Flaccus
951 1447 1012 1537 (ap.
1045 1457 1128 1518 Fest.

116 1568 144 1623 p.
167 1548 231 1605 274
253 1564 276 1606 s.
298 1567 326 1607 v,
349 1538 491 1627 ratitum)
520 1548 551 1604 et
573 1545 690 1604 Plinius
716 1538 789 1626 (ind.
813 1545 879 1604 libr.
902 1544 934 1604 II
956 1549 987 1603 et
1009 1538 1069 1626 XI)
1098 1549 1129 1606 et

117 1631 288 1694 Macrobius
309 1631 365 1713 (111
386 1636 449 1712 7,2
474 1637 504 1693 et
530 1635 579 1710 10,
595 1632 627 1706 3)
652 1634 827 1711 excusserit,
845 1633 931 1694 cuius
948 1632 1025 1693 liber
1042 1637 1128 1694 tran·

119 1724 249 1800 scriptus
265 1744 300 1784 ex
319 1722 483 1784 ostentario
502 1723 600 1781 Tusco
623 1722 754 1782 insertus
777 1722 871 1783 fuerit
893 1722 1011 1798 corpori
1033 1723 1128 1784 libro-

120 1834 189 1874 rum
211 1813 423 1890 Etruscorum,
454 1811 535 1889 quod
557 1811 663 1871 laudat
687 1811 810 1871 Servius
834 1811 865 1869 in
889 1808 1013 1888 Vergil'
1032 1813 1128 1890 eclog.

116 1902 179 1962 IIII
198 1905 239 1962 43
264 1895 322 1984 (=
341 1900 469 1962 Macrob.
489 1900 536 1959 111
556 1905 584 1977 7,
599 1891 647 1981 2),
679 1900 765 1960 cuius
798 1899 943 1958 librorum
971 1900 1009 1959 de
1035 1901 1129 1962 rebus

118 1991 229 2052 divinis
251 1990 434 2051 auctoritaie
457 1990 506 2049 vel
527 1989 647 2048 Iuliano
670 1989 851 2064 imperatore
870 1989 1044 2065 haruspices
1068 1989 1129 2050 nisi

118 2080 179 2138 sint
207 2070 370 2158 (Ammian.
393 2078 525 2137 Marcell.
544 2076 627 2135 XXV
647 2081 675 2155 2,
696 2069 738 2158 7).
789 2077 841 2136 sed
867 2080 987 2154 praeter
1013 2079 1129 2144 famam

117 2167 221 2243 Lydus
243 2167 319 2225 nihil
343 2185 378 2224 ex
400 2166 453 2224 illo
478 2166 625 2243 cognovit.

183 2256 230 2315 De
261 2253 436 2331 Capitone
466 2254 570 2313 statim
602 2254 760 2314 dicendum
790 2257 845 2314 est.
896 2255 1130 2316 fundamentum

119 2344 198 2404 enim
222 2344 317 2404 totius
347 2343 437 2402 huius
460 2343 678 2421 disquisitionis
700 2343 835 2420 positum
858 2346 904 2403 est
925 2344 1025 2404 verbis
1049 2365 1129 2422 quae

117 2434 235 2511 profert
262 2433 365 2510 Lydus
393 2431 424 2489 in
448 2433 545 2509 eapite
568 2432 659 2492 tertio
684 2435 829 2492 extremo:
858 2430 929 2492 ὅσον
953 2454 1004 2510 μοι
1025 2430 1129 2513 γέγονε

119 2519 247 2581 δυνατὸν
277 2519 309 2581 ἔτι
338 2541 367 2580 τε
397 2527 455 2579 τῶν
481 2511 686 2601 Θούσιιωνῃ),
717 2517 750 2580 ἔτι
777 2542 806 2580 τε
837 2529 896 2581 τῶν
923 2517 1035 2599 ίίλλων,
1063 2521 1130 2583 ὅσοι

116 2607 240 2681 τούτους
263 2605 464 2692 ἡρμήνευσοιν,
486 2607 661 2681 Κυπίτωνύς
683 2606 714 2669 ιε’
736 2632 814 2688 φημι
836 2609 886 2670 uoci
907 2610 1058 2688 Φοντρίου
1078 2610 1129 2672 κοιλ

116 2692 296 2775 Ἀπουληίου
319 2697 471 2758 Βιιιελλίου
493 2720 523 2759 τε
545 2697 595 2758 uui
617 2700 779 2778 Λαβεῶνος
802 2697 852 2759 κοιλ
878 2698 1028 2780 Φιρούλου
1052 2703 1128 2762 Πλι-

116 2787 185 2848 νίου
208 2808 237 2846 τε
260 2796 312 2848 τοῦ
336 2791 474 2864 φυσικοῦ.

187 2875 315 2953 Capito
344 2880 375 2936 et
404 2875 581 2936 Fonteius
612 2877 727 2952 pariter
757 2877 885 2936 iunctim
913 2877 1080 2938 laudantur
1110 2899 1129 2940 a

117 2967 204 3043 Lydo
224 2966 260 3024 de
279 2966 446 3044 magistrat.
465 2983 595 3041 prooem.
619 2963 655 3025 τὰ
672 2961 802 3043 ἐπίσημοι
820 2973 878 3025 τῶν
901 2962 1050 3045 ἀρχόντων
1069 2964 1128 3028 ἀπὸ

122 3055 264 3115 Θούσκτον
288 3051 386 3133 λαβὼν
410 3048 425 3111 ὁ
449 3051 585 3132 βασιλεὺς
608 3055 734 3132 Νουμᾶς
757 3054 792 3138 τῇ
811 3054 941 3138 πολιτείᾳ
963 3053 1129 3136 εἰσήγαγεν,

192 3245 236 3312 18)
261 3242 295 3296 cf.
316 3242 350 3296 de
373 3257 406 3296 eo
429 3241 526 3310 Haupt
549 3240 607 3295 ind.
627 3241 690 3296 lect.
710 3241 801 3296 Berol.
822 3241 920 3297 aestiv.
941 3247 1009 3302 1859
1029 3269 1063 3289 =
1083 3261 1127 3313 op.

119 3313 395 3453 Hp'1ie32'c0oooov
417 3401 468 3454 pro
492 3384 617 3439 πεύσεων
639 3384 717 3438 haud
739 3384 782 3438 ita
804 3384 883 3439 facili
902 3384 952 3438 sed
969 3384 1130 3438 necessaris

121 3455 293 3510 correctione
312 3455 424 3525 scripsi,
444 3472 506 3509 cum
526 3458 554 3510 et
572 3455 698 3511 πεύσεων
716 3455 843 3524 ineptum
859 3455 896 3510 sit
915 3458 944 3509 et
957 3455 1074 3518 τούτους
1092 3456 1129 3510 ad

120 3526 576 3652 {ffssdeieiessctffifflanffiwm
589 3525 712 3596 flagitet3
733 3526 876 3590 Θούοιιους
889 3525 1024 3595 intellege
1039 3526 1129 3596 Tage-
