2490 4124
135 216 219 305 ι182
511 215 800 271 εειτοο-οοωοο

218 395 254 461 ε’ν
273 392 310 461 δὲ
328 406 367 482 τῇ
381 400 419 476 κζ
436 396 665 480 Εὐκτήμονι
684 398 776 462 κύων
795 395 963 463 ἐπιτέλλει.
998 396 1159 486 Εὐδόξῳ

117 505 241 568 Εκύων
274 501 355 590 ἑῷος
387 501 564 585 έπιτέλλει,
596 501 651 567 καὶ
683 505 741 580 τὰς
773 501 934 587 ἑπομένας
965 503 1091 591 ἡμέρας
1118 503 1160 570 νέ

152 609 276 693 ε’τησίαι
304 607 477 674 πνέουσιν·
510 609 544 673 αλ
573 605 609 673 δὲ
637 606 734 674 πέντε
762 610 795 673 αλ
823 620 949 695 πρῶται
975 612 1161 697 πρόδρομοι

151 722 338 781 καλοῦνται.
375 719 410 779 Κ
413 718 479 779 αλί
482 736 566 802 ππῳ
582 719 738 801 καρκίνος
752 719 845 799 λήγει
861 714 1052 781 ἀνατέλλων
1065 739 1162 782 πνευ-

151 824 303 907 ματώδης
327 820 384 904 (=
399 822 426 885 d.
447 823 499 886 22.
514 844 555 885 m.
574 819 674 908 Iulii).
1185 848 1195 887 ι

219 928 256 993 ἐν
275 925 311 993 δὲ
330 939 369 1014 τή
387 931 433 1012 ιῖή
451 927 677 1011 Εὐκτήμονι
697 927 791 1005 ἀετὸς
810 925 892 1015 ἑῳῖος
910 929 1018 993 δύνει·
1043 931 1165 1014 χειμὼν

152 1037 233 1100 κατά
255 1036 432 1100 θάλασσαν
455 1033 636 1118 ἐπιγίνεται
660 1032 718 1121 (=
733 1035 761 1099 d.
781 1034 832 1098 23.
847 1057 888 1099 m.
907 1032 1007 1120 Iulii).

220 1141 256 1206 έν
289 1138 326 1206 δὲ
354 1126 436 1227 τήλ
468 1142 658 1227 Καλίππῳ
686 1138 772 1205 λέων
799 1143 931 1227 ἄρχεται
959 1126 1166 1206 ἀνατέλλειν·

153 1251 250 1325 νότος
268 1258 344 1313 πνεῖ
362 1246 417 1311 καὶ
435 1248 528 1312 κύων
547 1245 737 1312 ἀνατέλλων
755 1248 900 1333 φανερὸς
921 1251 1048 1331 γίνεται
1069 1245 1166 1334 (ει-ό

154 1355 206 1419 25.
220 1378 260 1418 m.
279 1352 379 1440 Iulii).
395 1445 431 1452 -
1180 1380 1202 1419 ω

221 1459 258 1523 έν
277 1457 314 1524 δὲ
332 1469 371 1545 τή
390 1464 431 1525 λα
450 1457 611 1546 Εὐδόξῳ
631 1462 728 1537 νότος
746 1471 823 1525 πνεῖ
837 1458 894 1547 (=
908 1460 937 1525 d.
952 1461 1004 1524 26.
1014 1483 1057 1525 m.
1067 1458 1167 1546 Iulii).

204 1656 278 1719 Τὸν
302 1652 343 1721 δὲ
366 1652 571 1721 ΛΕΟΝΤΑ
595 1655 874 1741 διαπορεύεται
899 1655 916 1721 δ
940 1656 1053 1739 ήλιος
1077 1653 1121 1718 έν

154 1761 316 1847 ἡμέραις
337 1760 392 1826 λα’
416 1760 473 1849 (=
494 1762 522 1825 d.
542 1761 593 1825 27.
612 1784 653 1826 nL
672 1761 748 1826 Iulii
763 1799 804 1807 -
819 1761 848 1827 d.
868 1760 919 1826 26.
938 1784 979 1825 m.
998 1759 1168 1846 Augusti).

103 1897 167 1954 65Α
220 1885 278 1951 Ἐν
304 1885 366 1972 μὲν
393 1882 456 1952 οὐν
478 1896 516 1972 τή
541 1888 561 1950 α
592 1884 697 1970 ήμίρῳ
723 1885 949 1970 Εὐκτήμονι
981 1886 1074 1949 κύων
1108 1881 1169 1969 μὲν

157 1994 317 2078 ἐκφανής,
354 2004 473 2077 πνῖγος
509 1989 546 2058 δὲ
582 1990 778 2075 ἐπιγίνεται,
815 1990 1022 2075 ἐπισημαίνει
1056 1988 1116 2077 (=
1141 1991 1206 2055 διε

157 2102 263 2165 27.m.
282 2100 381 2187 Iulii).

224 2206 260 2271 έν
298 2204 334 2272 δὲ
370 2217 454 2292 τήε
491 2204 652 2293 Εὐδόξῳ
690 2205 783 2282 ἀετὸς
817 2201 897 2290 ἑῷος
930 2204 1024 2268 δύνει
1058 2201 1118 2290 (=
1142 2205 1169 2267 d.

158 2315 209 2378 31.
223 2337 264 2378 m.
283 2313 383 2399 Iulii).

225 2420 261 2484 έν
284 2417 321 2484 δὲ
344 2430 382 2505 τή
407 2434 420 2483 ῐ
440 2419 545 2505 ήμέρῳ
568 2417 729 2506 Εὐδόξῳ
754 2416 918 2502 στέφανος
943 2417 1037 2481 δύνει
1063 2415 1122 2503 (=
1142 2419 1170 2480 d.

158 2526 187 2590 5.
207 2549 247 2590 m.
267 2526 434 2612 Augusti).
1183 2548 1205 2587 ω

226 2631 262 2695 έν
298 2629 335 2696 δέ
371 2642 409 2717 τή
439 2618 477 2716 ίύ
508 2636 698 2720 Καλίππῳ
731 2630 816 2696 λὲων
848 2628 947 2714 μέσος
979 2628 1171 2694 ἀνατέλλων

157 2742 258 2821 πνίμή
282 2740 423 2822 μάλιστα
445 2750 535 2804 ποιεῖ
558 2737 615 2826 (=
631 2739 659 2803 d.
680 2743 707 2804 7.
722 2762 762 2804 m.
781 2735 948 2822 Augusti).

225 2845 262 2910 έν
289 2842 326 2909 δὲ
354 2856 392 2931 τή
416 2832 453 2910 ιδ
478 2846 705 2930 Εὐκτήμονι
738 2849 838 2927 πνίγη
871 2844 1012 2927 μάλιστα
1040 2846 1170 2925 γίνεται

159 2950 216 3038 (=
232 2954 260 3017 d.
280 2954 310 3018 9.
324 2975 365 3017 m.
384 2950 550 3038 Augusti).

227 3060 263 3124 ἐν
295 3055 332 3124 δὲ
364 3039 466 3145 τήῐξ
496 3058 600 3144 ήμέρῳ
632 3055 792 3144 Εὐδόξῳ
824 3056 1029 3138 ἐπισημαίνει
1060 3053 1119 3142 (=
1144 3056 1209 3119 όιι

163 3169 212 3232 11.
226 3191 267 3232 m.
286 3165 451 3254 Augusti).

232 3378 249 3431 2
274 3380 340 3432 ante
368 3375 505 3448 ἑπομένας
533 3376 597 3430 add.
626 3385 639 3429 ἓ
664 3373 705 3428 V²
729 3375 733 3444 λ
759 3373 797 3428 νε’
823 3373 908 3427 VlW
932 3374 961 3425 et
988 3372 1031 3426 ed.
1050 3371 1173 3440 Hilder.;

162 3467 215 3504 om.
236 3449 275 3503 V8
297 3452 306 3518 ΙΙ
330 3448 398 3503 όαὶ
416 3448 447 3503 δὲ
466 3448 548 3502 πέντε
568 3447 609 3518 αἱ]
629 3445 659 3500 αἳ
678 3446 727 3500 καὶ
746 3444 787 3498 V²
809 3447 818 3513 ΙΙ
841 3441 956 3523 4λήγει
978 3460 1047 3497 corr.
1071 3443 1174 3497 Ponte-

161 3520 378 3660 ἓρραδῖρξῖςοίῖ,
398 3539 425 3589 p.
441 3525 491 3573 258
512 3522 540 3572 et
554 3517 630 3571 Pfaff
646 3517 681 3570 de
700 3519 751 3570 ort.
772 3518 800 3570 et
820 3531 909 3569 occas.
925 3513 1008 3570 mder.
1022 3532 1048 3583 p.
1065 3520 1098 3568 81
1114 3517 1173 3570 not.
