2490 4124
226 277 345 331 CLODH
363 277 626 332 CALENDARIVM
644 276 787 348 (IVLIVS;
806 293 828 331 c.
848 281 893 346 65)
1000 277 1060 340 141

123 437 178 503 κε’.
215 450 254 525 τη
285 440 349 526 πρὸ
380 437 411 523 η’
443 440 614 504 καλενδῶν
650 438 668 503 6
700 439 863 525 ὑδροχόος
895 441 1116 527 ἀρχεταιο34Α

58 548 215 629 δύεσθαι,
252 545 270 610 6
308 543 344 610 δὲ
375 547 466 611 κύων
497 545 573 631 περὶ
606 545 797 629 ἀμφιλύκην
829 545 971 631 ἀνίσχει,
1007 545 1062 611 καὶ

57 656 154 729 νότος
177 660 278 738 φυσᾷ.

10 787 44 826 ιιι
123 757 181 832 κς’.
218 769 257 843 τη
287 758 350 840 πρὸ
376 756 399 836 ζ
427 759 597 823 καλενδῶν
624 757 725 843 ἀχλὺς
752 760 934 843 καυσώδης.
980 758 998 823 6
1027 755 1063 823 δὲ

31 866 152 941 εάετὸς
176 866 300 947 δύεται,
324 863 341 928 6
366 860 403 928 δὲ
426 863 511 928 λε’ων
534 863 672 950 ἀνίσχει,
694 864 750 930 καὶ
773 868 870 942 νότος
891 875 974 929 πνεῖ.

124 969 179 1049 κζ.
211 981 250 1056 τῇ
278 971 342 1055 πρὸ
366 969 394 1042 ς’
418 972 587 1035 καλενδῶν
615 980 724 1055 καῦμα
752 970 787 1035 ἐκ
814 981 873 1035 τοῦ
896 973 1011 1048 κυνός·
1043 971 1095 1054 ἡΒ

59 1075 96 1142 δὲ
120 1079 272 1160 σταφυλὴ
297 1078 428 1161 ἀρχεται
451 1077 631 1162 περκάζειν.

124 1181 183 1267 κη’.
221 1193 259 1268 τῇ
292 1183 356 1267 πρὸ
386 1180 409 1245 ε’
442 1183 612 1246 καλενδῶν
643 1185 777 1248 καύσων
807 1185 913 1270 βαρὺς
943 1183 998 1249 καλ
1031 1186 1063 1249 ολ

58 1289 185 1374 ἐτησίαι
210 1289 439 1373 σφοδρότεροι.

19 1429 42 1468 10
126 1393 189 1459 κδ’.
221 1404 260 1480 τῇ
283 1396 347 1480 πρὸ
371 1393 400 1457 δ’
424 1396 593 1459 καλενδῶν
621 1394 725 1482 ἐντῷ
749 1399 866 1481 στήθει
889 1405 948 1462 τοῦ
972 1395 1064 1463 λεόν-

56 1526 115 1579 τος
144 1503 267 1586 ἀστρον
292 1501 443 1586 λαμπρὸν
467 1500 650 1585 ἀνατέλλει,
677 1501 732 1566 καὶ
754 1504 889 1589 χλιαρὸς
912 1504 1021 1591 ὥσπερ
1046 1502 1063 1568 6

55 1612 182 1693 βορρᾶς
206 1606 241 1671 ἐκ
264 1617 324 1671 τοῦ
348 1609 521 1692 καύματος.

127 1713 164 1777 λ’.
196 1723 235 1798 τῷ
264 1715 328 1799 πρὸ
357 1713 386 1797 y'
413 1714 584 1778 καλενδῶν
612 1716 767 1800 ἀρχονται
790 1714 922 1801 ὀπῶραι
950 1720 1064 1799 φαίνε-

57 1827 154 1903 σθαι,
178 1819 196 1884 6
221 1817 257 1883 δὲ
280 1819 374 1896 ἀετὸς
396 1820 504 1885 ἕωθεν
527 1821 651 1904 δύεται,
673 1820 728 1885 καὶ
746 1822 936 1907 ταραχώδης
956 1821 973 1886 6
992 1821 1094 1907 ἀήρ’.0

11 1959 40 2000 15
127 1925 186 1990 λα’.
218 1936 257 2010 τη
284 1927 348 2011 πρὸ
373 1925 402 1990 α’
430 1927 600 1991 καλενδῶν
627 1927 834 2009 Αύγουστῶν
861 1930 958 2005 νότος
984 1931 1065 2012 μετά

53 2034 153 2116 λιβὸς
174 2042 257 2096 πνεῖ.
594 2039 596 2045 ’

131 2243 147 2295 1
169 2241 273 2296 Colum.
297 2240 315 2294 l.
341 2258 360 2294 s.
386 2241 465 2296 VIII
484 2244 533 2297 ccl.
558 2243 630 2314 Ααμ.
658 2237 792 2312 {cccccccccc
818 2244 918 2312 ἀντίμοι
939 2244 1064 2310 occidccc,

54 2315 189 2382 fccocc'cs
206 2315 247 2367 cel
265 2319 363 2366 auster.
390 2315 393 2382 λ
419 2312 433 2366 ὁ
453 2314 599 2386 ὑδροχόος]
617 2316 718 2385 ρινιινιι·
735 2314 819 2368 Leon.
842 2315 851 2383 Η
878 2313 896 2367 3
916 2319 991 2387 φυσᾷ
1010 2330 1064 2368 om.

56 2385 90 2438 F
101 2387 110 2453 ΙΙ
124 2382 142 2437 4
157 2383 260 2437 Colum.
276 2387 310 2435 53
326 2384 387 2437 VII
400 2386 450 2438 cal,
465 2384 537 2456 Αιιμ.
557 2387 684 2440 canicula
697 2392 819 2454 αμματω,
833 2387 920 2456 οολιρο
933 2392 1064 2440 aestuosa.

56 2453 167 2510 Gemin.
188 2460 229 2508 30.
249 2470 338 2507 canor.
355 2482 387 2500 =
402 2461 444 2509 25.
463 2455 513 2509 Iul.
538 2454 566 2524 (i.
591 2472 613 2510 ε.
641 2459 729 2510 antec.
754 2455 811 2523 die)
834 2453 971 2530 Καλλπτῷ
995 2453 1065 2510 λέων

58 2527 177 2595 ἀρχεται
200 2524 371 2580 ἀνατέλλειν·
396 2524 476 2589 νότος
498 2535 570 2581 πνεῖ.
608 2526 724 2581 Ptolem.
744 2533 768 2581 2.
787 2526 890 2581 Mesori
905 2555 938 2572 =
952 2533 993 2581 26.
1013 2526 1063 2582 Iul.

57 2614 121 2682 όόρα
141 2614 169 2667 ιδ
191 2612 206 2667 6
229 2612 353 2682 λαμπρὸς
375 2621 424 2666 τοῦ
448 2614 532 2667 ἀετοῦ
557 2614 623 2686 ἑῷος
645 2615 731 2670 δύνει.
768 2615 830 2669 Aet.
850 2617 917 2685 μηνλ
933 2620 971 2669 τῷ
990 2616 1065 2669 αύτῷ

56 2667 133 2754 (Iul.)
151 2689 187 2743 αξ
210 2683 237 2754 (i.
258 2700 281 2736 e.
305 2686 395 2737 antec,
421 2683 476 2753 die)
499 2685 581 2747 ἀετὸς
604 2684 671 2755 ἑῷος
694 2686 780 2741 δύνει.
807 2691 810 2755 Ι
836 2685 901 2741 όδὲ
920 2669 1011 2759 ἀετὸς]
1030 2670 1064 2742 Η.

55 2754 168 2809 mavolt
185 2755 234 2808 καὶ
252 2755 267 2807 6
286 2751 337 2823 μὲν
356 2754 436 2818 ἀετὸς
455 2759 464 2826 ΙΙ
482 2755 500 2809 6
518 2755 577 2810 Pol.
598 2756 664 2812 silv.
684 2763 726 2811 27.
745 2752 796 2811 Iul.
816 2759 873 2812 dies
890 2759 1064 2813 canicularis.

56 2825 167 2880 Gemin.
183 2832 206 2879 1.
222 2825 293 2878 leon.
310 2852 343 2870 =
359 2830 400 2878 27.
415 2825 465 2880 Iul.
486 2828 646 2896 Εὐκτήμονι
658 2827 735 2882 κύων
749 2826 799 2898 μὲν
815 2828 947 2897 ἐκφανής,
965 2838 1065 2898 πνῖχος

56 2897 90 2951 δὲ
111 2893 271 2966 ἐπιγίνεται.
289 2897 292 2966 Ι
308 2896 439 2966 καύματα
458 2897 488 2950 F
506 2901 516 2968 ΙΙ
541 2899 555 2952 7
575 2897 797 2971 ἡ-περκάζειν]
816 2916 869 2953 om.
888 2900 972 2954 Leon,
993 2902 1003 2969 11
1027 2900 1065 2953 16

57 2967 165 3022 Colum.
189 2967 207 3021 l.
233 2985 253 3022 s.
281 2967 354 3020 IIII
374 2970 424 3022 ccl.
448 2969 563 3039 Αιιηκει.
593 2971 676 3024 lconis
703 2972 734 3024 ι’νι
757 2977 862 3039 pectore
888 2973 965 3025 clara
987 2972 1065 3025 stella

56 3058 188 3112 ecocitcc.
227 3053 342 3119 Quintil.
368 3064 401 3127 τη
420 3060 434 3110 λ
452 3065 501 3111 τοῦ
518 3055 634 3113 Ἰουλίου
653 3058 681 3130 (i.
701 3075 724 3113 ε.
742 3057 889 3129 postridie)
908 3057 923 3111 6
942 3056 1065 3127 λαμπρὸς

57 3127 147 3195 ἀστὴρ
171 3127 186 3181 δ
210 3125 240 3179 ἐν
259 3131 297 3199 τῷ
316 3126 415 3195 στήθει
432 3137 481 3181 τοῦ
500 3128 610 3192 λέοντος
629 3128 767 3185 ἐπιτέλλει.
791 3133 800 3200 ΙΙ
823 3127 984 3183 13001ιιοι.
1004 3128 1022 3181 1.
1043 3146 1063 3182 s.

55 3200 117 3253 III
130 3199 179 3252 cal.
199 3198 315 3268 Αιιηνεο.
335 3200 430 3267 aquila
448 3201 560 3266 occidit;
582 3195 719 3271 εληαιάιαλ
736 3207 919 3269 tempestatem.
957 3197 1063 3253 Gemin.

57 3278 83 3324 5.
109 3269 181 3322 leon.
197 3296 231 3314 =
245 3274 287 3322 31.
306 3268 356 3323 lul.
381 3269 408 3340 (i.
429 3286 451 3324 e.
475 3271 621 3340 postridie)
645 3269 759 3345 Εὐδόξῳ
783 3271 863 3333 ἀετὸς
887 3269 953 3343 ἑῷος
976 3270 1062 3324 δύνει.

55 3357 177 3414 Ptolem.
197 3362 222 3412 6.
240 3357 344 3411 Mcsori
358 3386 392 3404 =
406 3364 448 3413 30.
467 3358 517 3412 Iul.
542 3359 600 3433 ὥρᾳ
616 3348 652 3413 ἶδ
670 3358 704 3417 ς”
728 3359 743 3412 6
766 3358 890 3429 λαμπρὸς
912 3367 961 3413 τοῦ
980 3359 1064 3412 ἀετοῦ

57 3431 129 3504 ἑῷος
147 3428 233 3483 δύνει.
247 3432 256 3498 ΙΙ
271 3427 309 3483 14
328 3428 430 3501 ἕωθεν]
451 3425 536 3484 ἔνθεν
555 3431 601 3501 Ἑλ
618 3429 749 3499 ταράσσει
768 3429 798 3482 F
