2490 4124
103 221 147 283 14
431 217 520 273 LYDI
537 217 585 271 DE
605 215 779 271 OSTENTIS

102 382 207 468 ἡμέρα
239 379 321 467 μέση
353 379 408 445 καὶ
440 384 519 458 τοὺς
551 378 833 463 ἀλαμπεσταΊτους
864 387 932 442 τῶν
963 377 1151 463 άστέρωιῖ

50 490 340 572 24Αδιαφανηναι,
363 489 403 551 τὰ
426 484 463 551 δὲ
486 486 652 573 άεροπόρα
674 486 825 571 καθάπερ
849 483 887 548 ἐν
908 482 1005 548 νυκτὶ
1027 483 1107 571 μέση

101 593 336 680 κα[ταπεσελν].
373 589 443 658 εἶτα
460 602 518 675 τῆς
532 591 689 674 ἐπιούσης
702 591 823 667 νυκτὸς
836 599 904 676 πῦρ
919 589 1108 687 ἀνεφλέχθη

101 710 263 766 τοσοῦτον
285 701 369 764 ὥστε
392 702 591 784 σπινθήρων
612 698 673 762 τὸν
696 695 776 783 άέρα
798 695 957 780 γενέσθαι
980 700 1110 780 μεστόν.

101 807 260 890 ἐδηλοῦτο
293 800 330 868 δὲ
362 805 426 890 άρα
457 804 476 869 δ
508 801 570 888 μὲν
597 805 701 888 δῆμος
729 801 1038 887 ἐπαναστησόμενος
1065 812 1111 891 τῷ
1150 845 1154 860 ‹

100 914 327 996 βασιλεύοντι,
354 911 374 994 ἡ
403 907 439 975 δέ
462 911 545 997 πρὸς
567 920 606 996 τῇ
629 913 749 995 Μυσίᾳ
772 911 908 996 στρατιά
930 913 1033 995 ἔργον
1055 920 1112 995 τῆς

101 1023 303 1084 Βιταλιανοῦ
322 1016 524 1101 γενησομένη
544 1018 654 1102 χειρός
669 1014 709 1104 (a.
724 1014 818 1103 514)·
842 1016 941 1093 αὐτὸς
959 1012 997 1080 δέ
1016 1015 1113 1103 μέχρι

101 1137 169 1190 τῶν
191 1135 248 1209 της
269 1107 396 1200 πόλεως
418 1134 536 1208 τειχῶν
560 1122 678 1199 ἐλάσας
695 1124 785 1210 παρὰ
802 1124 922 1210 μικρὸν
939 1119 1027 1206 ἦλθε
1045 1135 1114 1188 τῶν

100 1232 302 1317 πραγμάτων
323 1240 490 1316 κρατῆσαι.
531 1228 647 1294 καὶτὸ
671 1231 711 1313 δη
735 1229 846 1316 πέρας,
870 1230 975 1306 οὕτως
999 1229 1113 1313 άτιμο-
1126 1251 1154 1291 ια

67 1339 198 1421 Βτάτης
224 1337 404 1422 βαρβάρων
426 1335 606 1420 γενομένης
630 1335 772 1420 ἐφόδου,
799 1346 920 1423 μικροῦ
942 1339 1113 1422 προήκατο
1127 1359 1149 1398 ιο

101 1443 156 1508 καὶ
188 1445 249 1526 τὴν
280 1445 453 1525 βασιλείαν
483 1440 567 1506 ἑκὼν
590 1440 819 1527 Ἀναστάσιος,
850 1441 905 1506 καλ
932 1447 1048 1526 φαῦλα
1075 1441 1114 1508 δὲ

102 1549 225 1632 συνέβη
248 1549 365 1632 πάντα,
389 1547 450 1612 ὅσα
474 1547 511 1613 έν
534 1550 640 1613 εἰδόσι
663 1548 774 1632 λέγειν
797 1549 991 1633 ἀδολεσχίας
1011 1549 1113 1615 ἐστίν.

169 1656 197 1720 7.
221 1654 288 1720 Καὶ
310 1656 507 1738 θαυμαστὸν
530 1652 632 1720 οὐδέν
655 1657 683 1720 εῑ
701 1663 959 1742 προθεωροῦσιν
977 1657 1114 1741 ἄνθρω-

100 1786 157 1829 ποι
181 1764 220 1827 τά
243 1761 393 1846 ἐσόμενα,
416 1771 474 1845 τῆς
497 1763 629 1845 φύσεως
648 1762 749 1846 αὐτῆς
766 1763 1054 1848 προδεικνυούσης
1072 1765 1115 1828 τὰ

101 1872 283 1956 πράγματα.
329 1871 373 1946 ὥς
400 1891 465 1934 που
493 1867 548 1933 καί
570 1866 790 1954 Ἀναξαγόρας
814 1866 866 1932 ἐπὶ
889 1878 947 1952 τῆς
970 1867 1113 1954 ἑβδομη-
1128 1890 1153 1929 15

101 1987 221 2061 κοστης
243 1976 298 2041 καί
322 1977 444 2060 ὀγδόης
467 1976 671 2059 ὀλυμπιάδος
694 1979 795 2039 λίθον
817 1972 974 2058 μέγιστον
996 1974 1033 2040 ἐκ
1050 1985 1114 2040 τοῦ

101 2083 198 2166 ἡλίου
236 2082 386 2148 ἐκπεσεῖν
423 2081 657 2165 ἐμαντεύσατο,
695 2081 774 2167 ὅπερ
811 2079 866 2145 καὶ
902 2079 1114 2164 συμβέβηκεν

71 2189 243 2274 Ούστερον
271 2186 324 2252 ἐπὶ
350 2185 523 2273 Θρ[άκης]·
560 2186 732 2272 καὶμέχρι
756 2195 820 2251 νῦν
843 2189 935 2252 ἔστιν
958 2187 976 2252 δ
1000 2191 1113 2272 λίθος,

100 2293 155 2359 καὶ
183 2293 215 2370 ἐξ
244 2294 344 2377 αὐτῆς
372 2293 477 2370 εὐθὺς
503 2304 561 2378 τῆς
588 2292 670 2370 θέας
697 2292 960 2379 περιπεφλέχθαι
990 2295 1111 2360 δοκῶν.

100 2401 199 2465 ταύτὸ
233 2397 270 2464 δέ
301 2409 400 2464 τοῦτο
432 2401 514 2464 κατά
540 2424 575 2465 τε
594 2399 742 2482 Ἀβυδον
769 2399 824 2464 καὶ
852 2402 998 2479 Κύζικον
1027 2419 1111 2488 συμ-
1126 2424 1153 2462 20

100 2510 203 2589 βῆναί
232 2524 337 2589 φησιν
359 2505 604 2590 Ἀπουλήιος·
646 2506 730 2570 ὅθεν
762 2509 810 2570 ἐτι
836 2505 891 2571 καί
918 2515 983 2572 νῦν
1010 2512 1112 2586 λίθος

101 2611 170 2677 ἐστὶ
197 2611 273 2698 παρ’
301 2613 413 2688 αὐτοῖς
440 2615 596 2698 πυρώδης
618 2609 680 2696 μέν
703 2614 740 2677 τὸ
764 2623 892 2698 χρῶμα,
921 2614 1048 2702 σιδήρῳ
1072 2613 1112 2680 δὲ

102 2721 186 2795 άπας
203 2717 544 2803 κατασεσημασμένας·
567 2720 818 2805 παραδεδόσθαι
838 2721 901 2804 γάρ
920 2722 1020 2802 λόγος
1039 2725 1111 2785 Κυ-

173 2946 265 3002 5-12
295 2946 328 3001 ef.
356 2947 394 3001 Io.
412 2945 551 3001 Antioch.
579 2947 631 3018 frg.
659 2953 737 3016 21403
764 2946 920 3001 Marcellin.
949 2947 1043 3002 chron.
1072 2949 1111 3002 ad

102 3037 126 3075 a.
147 3025 206 3074 514.
227 3024 278 3073 515
301 3021 310 3089 Η
333 3016 445 3071 15-19
465 3018 498 3071 cf.
518 3018 588 3072 Plin.
607 3018 633 3072 H
649 3025 699 3072 149
721 3020 856 3074 eelebrent
876 3019 974 3073 Graeci
992 3019 1110 3074 Ακααα-

101 3108 194 3163 γονακι
218 3091 418 3145 Clazomenium
443 3089 615 3159 Olympiadis
636 3092 846 3161 ειμίνογιείυιοι
866 3097 975 3146 octavae
993 3093 1110 3145 ειαναιάο

101 3178 176 3218 ammo
198 3164 370 3232 praedixisse
396 3162 550 3216 caelestium
578 3162 731 3216 litterarum
752 3163 867 3216 seiemia
893 3163 992 3230 quibem
1015 3164 1111 3216 diebus

100 3251 199 3290 οοπυοι
216 3251 344 3289 οαοαααιο
362 3239 427 3288 esset
444 3249 457 3285 e
475 3233 541 3300 soie,
564 3233 644 3301 idem
661 3235 766 3300 factum
783 3233 906 3287 imerdim
923 3233 955 3287 im
975 3233 1111 3288 Timacim

98 3312 179 3374 parte
201 3308 239 3360 οιί
256 3306 344 3376 Αεγοο
365 3307 478 3373 flumem,
501 3305 549 3372 qm'
569 3304 641 3372 lapis
659 3305 815 3358 etiammme
833 3305 986 3359 οοίικοίίίνν
1002 3307 1109 3375 ναρκί-

101 3377 197 3431 tmdime
214 3379 295 3444 οολιίο,
313 3378 400 3431 coiere
418 3377 522 3430 adusto.
546 3377 555 3443 λλ
576 3372 688 3428 20-22
708 3373 742 3429 ef.
761 3374 832 3428 Plin.
852 3373 878 3427 Π
896 3374 948 3428 150
966 3377 998 3428 im
1015 3375 1111 3445 Abydi

102 3450 244 3517 ργνονοείο
271 3465 305 3502 επ
331 3464 363 3502 ιο
390 3463 475 3501 causa
501 3447 601 3511 colitur
627 3447 755 3514 hodieque
782 3447 903 3500 medinm
930 3448 1037 3516 quidem
1065 3448 1111 3501 sed

102 3534 179 3586 mmm
196 3520 229 3572 im
246 3520 336 3574 media
353 3525 488 3573 mmmmm
505 3535 633 3572 οοεκνυικ
651 3519 722 3571 idem
737 3517 923 3588 Ακοαοροναε
937 3519 1110 3587 γεοεδίπίεει

101 3595 241 3643 κονναίνα.
