2490 4124
329 233 459 288 NIGIDII
477 234 709 289 TONITRVALE
729 238 763 304 (c.
783 238 827 305 31)
1043 233 1084 297 73

16 427 75 466 εα-
144 395 196 461 ιδ.
220 398 250 462 εί
271 399 449 484 βροντήση,
471 400 618 481 πόλεμον
638 396 693 462 καλ
712 398 850 483 φθορὰν
867 397 1086 481 βοσκημάτων

46 490 211 568 ,ἀπειλελ
648 494 654 506 ’

144 607 191 674 ιε’.
224 612 253 675 εί
284 614 466 698 βροντήση,
499 612 618 688 σπολνις
650 614 740 676 ἐσται
769 611 955 693 πνεύματος
974 607 1117 695 ΙξηροῦΒ

71 715 335 781 καλκαυστικοῦ
359 717 576 801 ἐμπίπτοντος
599 727 669 793 τοῖς
691 726 838 802 καρποῖς.

42 851 56 892 ι
144 821 193 897 ις’.
222 825 251 888 εί
268 827 450 910 βροντηση,
472 822 756 908 ἐξασθενήσουσιν
775 823 880 900 οὕτως
899 824 1084 908 ἄνθρωποι,

72 931 120 1006 ὡς
144 931 308 1013 ἄγνωστοι
332 927 417 995 εἶναι
442 932 561 996 δοκεῖν.

71 1075 78 1084 ·
143 1035 189 1115 ιζ.
224 1037 253 1100 εἰ
284 1039 467 1123 βροντήση,
499 1041 663 1102 πλουσίου
697 1037 819 1124 ἀνδρὸς
850 1035 905 1100 καὶ
938 1035 1086 1118 εὐγενῶν

72 1142 289 1227 εὐτυχήματα.

144 1248 194 1332 ιη’.
223 1251 252 1313 εί
274 1252 453 1335 βροντήση,
477 1249 670 1315 ἐπείσακτον
693 1251 857 1333 εὐθηνίαν
881 1251 985 1332 δηλοῖ.

31 1385 58 1426 ιο
145 1354 201 1421 ιδ’.
235 1357 263 1420 εἰ
295 1359 478 1442 βροντηση,
515 1358 683 1422 δυνάστου
716 1367 843 1421 πτῶσιν
874 1356 894 1439 ἢ
926 1353 1117 1438 βασιλέυςῦ

74 1461 219 1546 ἐκβολὴν
241 1461 377 1546 ολπειλεί,
402 1464 574 1547 διχόνοιοίν
596 1487 630 1528 τε
652 1471 698 1551 τῷ
723 1465 815 1551 δήμῳ
839 1462 894 1528 καὶ
913 1461 1086 1547 ἀφθονίαν

74 1569 181 1652 δηλοῖ.

142 1674 180 1750 κ’,
208 1677 237 1740 ελ
259 1679 441 1762 βροντηση,
469 1675 546 1760 ἕλκη
570 1676 647 1754 ξένα
670 1677 811 1760 ἀπειλεῖ,
834 1683 885 1762 τῷ·
904 1672 941 1739 δὲ
963 1678 1085 1759 πλήθει

76 1780 111 1846 ἐκ
136 1783 304 1865 διχονοίας
328 1782 468 1866 ἐσχάτην
491 1783 637 1867 ίιτυχίαν.

31 1917 59 1958 15
142 1887 201 1952 κα’.
225 1891 255 1953 εί
277 1892 455 1975 βροντήση,
478 1892 575 1961 νιλσοι
597 1890 759 1973 βηχώδεις
782 1890 913 1952 ἔσονται
936 1883 992 1950 καλ
1012 1903 1086 1969 στη-

73 1999 152 2057 θῶν
174 1997 341 2072 κακώσεις.
371 2009 376 2022 “

142 2097 201 2183 νβ’.
230 2103 260 2166 εί
282 2104 464 2189 βροντηση,
481 2105 674 2188 μοχθηρίας
697 2108 743 2188 τῷ
768 2101 860 2187 δήμῳ
883 2097 939 2163 καλ
963 2100 1086 2175 νόσους

75 2210 228 2284 ποικίλας
251 2207 386 2272 ἀπειλεῖ.

142 2311 202 2397 κγ’.
236 2316 265 2378 εί
291 2316 474 2400 βροντηση,
507 2314 525 2378 ὁ
554 2315 657 2397 δῆμος
685 2314 957 2400 εὐφρανθήσεται
982 2322 1120 2399 παρα-,1)

34 2450 61 2490 νο
75 2419 188 2504 δόξας.

143 2526 203 2591 κδ’.
231 2529 260 2591 ελ
283 2529 465 2614 βροντηση,
490 2526 525 2591 ἐκ
549 2529 718 2611 διχονοίας
741 2538 808 2591 τῶν
831 2528 1045 2614 κρατούντων
1068 2527 1086 2592 ὁ

76 2635 181 2718 δῆμος
203 2633 380 2720 περιέσται.
856 2623 857 2626 ¹

143 2739 197 2805 κε’.
231 2742 260 2805 εί
287 2743 469 2827 βροντηση,
497 2744 616 2828 βαρεῖα
642 2742 733 2805 ἐσται
762 2739 825 2804 ἀπὸ
849 2750 916 2805 τῶν
938 2748 1140 2805 κακῶν124Α

75 2848 193 2913 δειλία.

148 2967 167 3021 8
186 2966 277 3036 σπάνη
294 2968 369 3037 0λύ
388 2968 595 3036 ἄσθενήσουσιν
611 2967 696 3031 οὐτιος
710 2969 737 3024 οἱ
751 2971 779 3023 Ρ
789 2971 798 3038 ΙΙ
812 2969 830 3023 6
850 2968 1007 3037 ἀγνώστονς
1023 2965 1085 3020 GP:

76 3056 146 3093 corr.
165 3039 289 3092 Hercher
310 3041 319 3108 [λ
345 3039 359 3091 7
379 3042 495 3093 λουσίαν
513 3044 560 3109 (αν
579 3056 647 3093 corr.
666 3039 697 3093 in
716 3043 760 3107 ου)
780 3040 817 3108 P,
837 3039 886 3092 sed
905 3039 971 3092 ante
990 3041 1004 3090 λ
1024 3053 1087 3104 spa-

74 3110 149 3164 fim
171 3127 221 3179 pro
245 3109 360 3178 rubrio„
387 3108 485 3165 οὐσίαν
509 3109 580 3165 coni.
604 3112 725 3181 Rutgers
748 3113 758 3180 Ιλ
780 3110 798 3163 8
818 3127 855 3163 an
879 3107 1060 3178 ἀτυχήμαιαλ
1077 3107 1088 3178 Ιχ

76 3182 96 3236 θ
115 3181 151 3250 ιη’
172 3198 225 3235 om.
246 3182 318 3235 Pet
335 3184 435 3250 postea
454 3182 490 3250 ιη’
510 3181 592 3251 ponit
608 3199 661 3251 pro
680 3182 730 3250 ιθ,
752 3181 792 3234 ιθ’
812 3196 862 3250 pro
882 3179 906 3232 κ’
927 3181 978 3232 etc.
998 3193 1087 3244 usque

77 3252 115 3306 ad
137 3252 221 3306 finem
243 3251 346 3305 mensis
370 3255 379 3322 u
403 3252 441 3306 10
464 3255 587 3306 δυνατοῦ
611 3253 639 3306 Ρ
658 3256 667 3323 u
690 3253 726 3307 11
750 3271 779 3306 τε
799 3268 851 3305 om.
872 3251 900 3303 P
918 3252 928 3319 ΙΙ
951 3248 988 3302 12
1007 3249 1088 3316 δηλοῖ

77 3323 177 3392 scripsi
195 3341 245 3393 pro
265 3325 374 3377 ἀπειλεῖ
391 3323 467 3391 quod
485 3340 576 3392 neque
594 3323 666 3378 bene
683 3323 804 3377 iteratur
818 3324 924 3375 etcum
938 3315 1087 3388 ἀφθονίαν

75 3397 186 3464 pugnat
218 3397 338 3463 <servato
371 3396 481 3449 ἀπειλεῖ
510 3397 584 3449 certe
617 3393 717 3449 debuit
747 3409 797 3463 pro
825 3388 974 3461 ἀφθονίαν
1002 3389 1087 3444 scribi

76 3467 212 3536 ἀστοχίαν
231 3466 292 3521 coll.
312 3484 338 3535 p.
355 3471 397 3534 86,
414 3468 456 3535 18)
467 3466 532 3589 χχΙδ
550 3467 617 3536 post
636 3466 747 3519 ἀπειλεῖ
763 3464 827 3544 οὐδ.
846 3470 905 3525 τοῖς
923 3462 1087 3529 ἀνθρώποις

77 3538 106 3591 Ρ
122 3540 132 3607 {fl
153 3537 191 3590 16
210 3540 276 3591 ante
295 3538 430 3600 κακώσεις
449 3555 465 3591 a
487 3537 513 3592 d.
533 3537 581 3592 καλ
599 3538 628 3590 Ρ
647 3541 657 3608 ΙΙ
681 3536 730 3593 21.
749 3535 786 3590 22
806 3534 820 3589 δ
840 3535 928 3604 δῆμος
945 3541 1001 3588 τῶν
1018 3553 1087 3602 κρα-

76 3610 201 3663 τούντοιν
221 3608 251 3662 ἐκ
270 3607 412 3679 διχονοίας
429 3608 587 3678 περιέσεται
605 3610 634 3662 Ρ
990 3664 994 3672 ,
