2490 4124
184 264 249 329 206
500 263 647 318 CLAVDII
666 263 876 318 PTOLEMAEI

184 429 245 511 τῆν
273 436 333 492 τοῦ
360 424 458 510 ἡλίου
488 428 589 491 δύσιν
611 425 861 510 ἀνατέλλοντες,
888 427 953 512 πρὸ
978 423 1016 491 δὲ
1040 437 1101 510 τῆς
1125 426 1198 492 ἀνα-

183 538 282 618 τολῆς
319 533 422 599 αὐτοῦ
459 534 710 610 καταδύνοντες.
757 544 829 610 τοῖς
865 529 902 598 δέ
938 533 1199 620 βορειοτέραν

183 644 299 725 ἔχουσι
335 649 396 705 τοῦ
431 639 488 703 διά
519 636 630 721 μέσων
661 639 722 721 τῆν
754 637 854 703 θέσιν
886 637 1054 703 ἀνάπαλιν
1086 637 1108 721 ἡ
1142 636 1200 723 μὲν
1231 677 1235 687 ,

184 746 320 834 ἑσπερία
347 745 490 828 ἀνατολὴ
518 755 664 830 τηρεῖται
692 753 927 831 προχρονοῦσα
951 754 1010 829 τῆς
1034 743 1122 832 έφόις
1146 747 1198 811 δύ-

184 872 266 931 σεως
289 852 343 918 καὶ
367 854 405 917 τὸ
428 863 496 916 τῶν
519 849 805 934 κολοβοδιεξύδων
825 853 924 934 ἴδιον,
948 851 999 916 ὅτι
1018 853 1126 917 πάλιν
1143 854 1199 917 τὸν
1219 879 1228 918 ι

182 958 304 1046 μεταξὺ
340 961 468 1024 τούτων
500 969 567 1022 τῶν
599 958 661 1022 δύο
694 959 830 1042 φάσεων
862 960 986 1044 χρόνον
1019 963 1198 1043 φαίνονται

182 1067 259 1152 μέν,
288 1068 365 1132 ούτε
394 1064 423 1130 δ’
451 1064 686 1141 ἀνατέλλοντες
714 1065 790 1129 οὕτε
818 1065 991 1141 δύνοντες·
1020 1064 1042 1148 ῆ
1073 1062 1113 1130 δὲ
1137 1065 1198 1153 ἑφίι

183 1174 326 1256 ἀνατολὴ
354 1183 534 1258 προχρονεῖ
560 1173 720 1248 πολλάκις
741 1182 799 1256 τῆς
823 1168 976 1257 ἕσπερίας
999 1172 1133 1250 δύσεως
1154 1180 1197 1260 τῷ

182 1278 296 1365 μηκέτι
328 1280 366 1344 τὸ
399 1289 467 1342 τῶν
498 1276 750 1362 ἀφανιζομένων
781 1276 837 1341 καὶ
869 1276 1115 1343 έπιτελλόντων
1145 1277 1196 1343 καλ

183 1384 421 1472 κρυπτομένων
454 1386 543 1450 ἴδιον
575 1384 689 1461 αὐτοῖς
720 1388 1006 1470 παρακολουθεῖν,
1044 1384 1131 1450 ἀλλά
1162 1387 1195 1450 τὸ
1207 1411 1227 1450 ιο

183 1503 251 1556 τῶν
286 1490 502 1575 καλουμένων
538 1490 856 1575 ἐνιαυτοφανῶν,
895 1489 1008 1574 έπειδῆ
1046 1491 1104 1556 καὶ
1141 1493 1196 1556 τὸν

184 1597 247 1663 ἀπὸ
271 1608 329 1682 τῆς
353 1596 436 1685 ἐφἀς
458 1597 620 1681 ἀνατολῆς
643 1596 705 1676 ἕως
725 1608 782 1681 τῆς
802 1596 954 1684 ἕσπερίας
973 1597 1105 1675 δύσεως
1123 1601 1195 1683 χρύ-

183 1728 245 1769 νον
270 1708 454 1790 φαίνεσθαι
477 1705 654 1787 δύνανται,
682 1694 842 1781 δύνοντες
864 1701 925 1788 μὲν
947 1706 1030 1788 μετά
1052 1706 1117 1788 τῆν
1138 1714 1195 1770 τοῦ

182 1811 279 1896 ῆλίου
300 1812 410 1890 δύσιν,
432 1809 666 1888 ἀνατέλλοντες
685 1807 723 1875 δὲ
740 1811 804 1895 πρὸ
823 1821 881 1894 τῆς
900 1809 1064 1895 ἀνατολῆς
1084 1812 1194 1877 αὐτοῦ.

182 1922 362 1983 καλοῦνται
391 1913 428 1982 δὲ
456 1918 488 1982 ολ
513 1926 661 1982 τοιοῦτοι
684 1915 738 1981 καὶ
762 1915 1016 2001 ἀμφιφανεῖς.
1063 1919 1120 1983 διὸ
1143 1917 1225 1983 καλιι

181 2023 430 2110 παρατηρητέον
457 2022 510 2089 ἐπὶ
537 2035 596 2108 τῆς
618 2023 864 2110 ἀναγραφῆς,
892 2024 943 2089 ὅτι
967 2027 1047 2101 τοὺς
1071 2025 1194 2091 ἐπιτέλ-

181 2135 254 2195 λειν
285 2130 340 2195 καὶ
372 2132 578 2216 κρύπτεσθαι
612 2129 813 2213 λεγομένους
845 2141 911 2194 τῶν
941 2130 1194 2217 ἀφανιζομένων

182 2233 267 2302 εἶναι
292 2236 492 2321 συμβέβηκε,
521 2240 600 2313 τοὺς
623 2235 652 2301 δ’
680 2236 873 2301 ἀνατέλλειν
894 2235 982 2323 ἕφάν
1005 2238 1120 2316 ἁπλῶς
1142 2237 1193 2304 καλ

181 2345 298 2409 δύνειν
326 2341 497 2429 ἕσπερίαν,
524 2355 592 2408 τῶν
620 2342 874 2428 ένιαυτοφανῶν
902 2367 936 2408 τε
963 2342 1019 2408 καὶ
1044 2345 1193 2429 ἀμφιφα-

181 2461 263 2515 νῶν·
292 2450 413 2534 ὁμοίως
437 2447 473 2515 δέ
497 2454 576 2527 τοὺς
598 2448 660 2535 μὲν
682 2453 743 2535 τῆν
766 2449 924 2536 ἑσπερίαν
947 2450 1116 2535 ἀνατολὴν
1138 2463 1192 2536 τῆς
1204 2472 1224 2512 ιι

182 2552 265 2642 ἕφάς
294 2557 464 2640 <δύσεως>
493 2566 749 2642 προχρονοῦσαν
777 2561 927 2642 ἔχοντας,
959 2567 1028 2621 τῶν
1055 2563 1192 2642 κολοβο-

182 2659 352 2746 διεξύδων,
374 2667 453 2740 τοὺς
476 2660 513 2728 δὲ
536 2663 700 2728 ἀνάπαλιν
718 2665 779 2747 τῆν
799 2662 885 2751 ἑῴαν
904 2665 1004 2728 δύσιν
1023 2675 1082 2749 τῆς
1102 2665 1192 2730 ἕσπε-

182 2773 255 2854 ρίας
278 2768 453 2853 ἀνατολῆς,
481 2781 548 2833 τῶν
571 2768 837 2847 νυκτιδιεξύδων.
883 2772 923 2834 τά
945 2767 1006 2854 μὲν
1030 2766 1096 2836 οὖν
1118 2771 1192 2858 περὶ

180 2877 237 2952 τάς
265 2876 429 2961 διαφορὰς
455 2873 510 2940 καὶ
537 2879 594 2953 τάς
621 2875 728 2954 τάξεις
755 2888 822 2940 τῶν
849 2878 984 2960 φάσεων
1007 2877 1193 2963 ἁρμόζοντα

180 2993 219 3069 τῆ
241 2984 395 3069 παρούση
418 2981 578 3069 προθέσει
602 2984 723 3068 σχεδὸν
745 2982 877 3049 τοσαῦτ’
906 2982 948 3048 ἀν
971 2990 1030 3067 εἴη.
1203 3002 1223 3044 ω

126 3117 165 3157 ιω
250 3090 277 3154 7.
301 3093 502 3176 Κεχρῆμεθα
525 3086 562 3153 δὲ
585 3100 628 3175 τῆ
647 3088 732 3154 καθ’
755 3089 853 3175 ἡμᾶς
876 3099 944 3154 τοῦ
969 3093 1083 3169 ἔτους
1105 3118 1192 3180 χρο-

180 3201 380 3283 νογραφίηι
412 3197 468 3260 διά
500 3196 667 3296 <τὸ>ἱτῆς
694 3199 776 3261 κατά
802 3198 840 3261 τὸ
869 3201 942 3274 έτος
969 3196 1129 3276 έπουσιόις
1158 3199 1193 3264 έν

252 3353 270 3407 2
293 3355 481 3415 καταδύοντες
505 3353 527 3408 S
553 3355 557 3424 Ι
587 3351 770 3426 βορειοτέροις
793 3354 823 3409 S:
853 3371 920 3408 corr.
945 3355 977 3407 U.
1001 3372 1028 3422 p.
1049 3360 1085 3409 24
1109 3372 1143 3409 ex
1166 3358 1192 3411 B

180 3427 375 3495 (borealiorem)
389 3429 398 3496 ῆ
415 3427 428 3480 7
449 3425 477 3480 δ’
494 3428 560 3479 ουλε
576 3425 773 3487 ἀνατέλλοντες
787 3424 874 3479 habet
888 3425 964 3479 solus
979 3426 1021 3494 811
1035 3426 1071 3479 21
1089 3427 1194 3490 δύσεως

180 3495 245 3549 add.
260 3496 293 3550 U.
312 3515 339 3566 p.
355 3504 389 3550 25
409 3514 471 3550 cum
485 3498 513 3550 B
527 3499 671 3566 (occasum)
685 3499 694 3565 ΙΙ
708 3495 743 3550 27
760 3496 808 3550 διὰ
823 3496 853 3550 τδ
868 3495 1194 3569 τῆς-ἐκλαμβάνεοθαι

181 3569 217 3634 (p.
237 3572 301 3636 207,
317 3568 356 3638 3)]
384 3585 418 3622 υτ
445 3571 551 3622 ἀλινιναι
574 3569 758 3637 aequivocatio
781 3569 814 3622 ob
838 3570 1072 3623 intercalationem
1095 3578 1194 3640 quarto

180 3653 283 3706 ςωοηνε
307 3656 381 3693 ονινιο
403 3641 506 3706 factam
528 3642 560 3694 ι’νι
582 3639 712 3694 notandis
734 3641 952 3709 ιπιλμλιυδλοηιιι
970 3642 1195 3707 αμμανῆλοιιιλικτ
