2490 4124
113 219 228 275 LXVIII
479 218 755 275 PROLEGOMENA

115 387 354 465 Geoponioorum
378 386 561 448 Graecorum
583 388 768 448 collectione.
820 386 961 448 Ceterum
983 388 1011 448 si
1035 408 1128 467 quem

115 477 247 538 delectat
271 477 485 538 hariolationes
509 476 660 536 interdum
682 497 742 537 non
764 477 828 536 sine
851 477 981 555 ingenio,
1006 495 1127 555 semper

117 567 180 626 sine
213 568 278 626 arte
314 570 345 626 et
376 565 494 626 ratione
525 566 621 626 iactas
652 566 765 644 legere,
801 565 971 626 Pontedera
1009 567 1127 645 antiqu.

115 676 145 732 p.
161 658 277 733 182sq.
302 659 333 716 et
354 676 383 732 p.
404 656 521 731 245sq.
551 654 634 714 Aetli
668 657 699 713 et
726 653 960 725 Quinctiliorum
987 655 1127 718 observa-

116 744 214 804 tiones
237 744 451 804 astronomicas
474 743 514 802 ad
537 741 702 803 Chaldaeos
724 743 834 803 referre
858 745 984 804 conatus
1009 748 1065 804 est

113 889 116 893 .
183 833 359 910 Sequuntur
368 835 508 909 excerpta
521 851 557 893 ex
570 831 664 910 Lydi
683 831 762 893 libro
776 832 813 891 de
830 832 1016 893 mensibus
1029 852 1126 910 pauca

113 922 167 984 sed
189 921 368 1000 gravissima
391 940 527 999 eaquae
550 921 714 981 secundum
733 919 861 982 Graecos
885 923 1077 983 astronomos
1096 927 1126 983 et

114 1010 282 1069 Varronem
304 1011 341 1070 de
364 1010 496 1070 siderum
517 1013 588 1070 ortu
613 1013 644 1070 et
668 1028 776 1070 occasu
804 1012 835 1070 et
860 1011 1046 1088 episomasiis
1075 1012 1124 1072 ad·

113 1102 221 1160 notata
246 1103 326 1158 sunt

114 1231 117 1234 «
181 1187 322 1248 Eudoxi
343 1187 449 1248 deinde
471 1205 645 1266 papyrus,
673 1206 709 1247 ex
732 1207 791 1265 quo
814 1187 961 1246 nonnulla
983 1207 1064 1266 quae
1086 1189 1122 1250 ad

115 1297 180 1337 rem
202 1277 316 1337 faciant
337 1279 443 1352 postea
462 1277 608 1354 excerpsi,
631 1275 811 1338 adservatur
827 1276 951 1336 Parisiis
969 1276 1003 1337 in
1020 1297 1121 1339 museo

114 1369 157 1426 dc
178 1366 303 1426 Loacre.
336 1366 397 1424 iam
419 1384 496 1425 anno
519 1367 600 1426 1839
620 1356 860 1446 Letronnius4²)‚
883 1365 936 1442 qui
959 1367 1123 1428 identidem

115 1455 286 1515 notationes
300 1454 446 1531 quasdem
466 1473 501 1512 ex
520 1473 555 1513 eo
577 1454 668 1530 petiit
702 1453 735 1512 in
757 1473 792 1514 eo
816 1472 848 1514 se
871 1471 948 1532 esse,
971 1459 1009 1514 ut
1030 1475 1122 1533 papy-

113 1563 183 1602 rum
205 1543 308 1603 ederet
330 1542 501 1603 affirmcvit.
547 1542 616 1602 dein
639 1545 800 1620 postquam
822 1543 1005 1604 Latronnius
1028 1548 1122 1606 morta

113 1634 307 1710 praematura
325 1631 468 1709 abreptus
487 1634 545 1709 est,
568 1631 723 1706 provincia
746 1631 854 1691 edendi
872 1650 974 1692 omnes
992 1652 1123 1712 papyros

113 1721 267 1781 Parisinos
288 1721 434 1781 Brunatio
458 1720 495 1780 de
513 1720 615 1780 Presla
633 1720 814 1781 demandata
833 1723 893 1799 est,
917 1721 971 1798 qui
989 1740 1017 1780 a.
1039 1723 1121 1783 1855

113 1810 193 1870 hunc
224 1829 374 1889 papyrum
406 1810 632 1887 exprimendum
664 1809 783 1870 curavit
813 1810 845 1869 in
875 1811 963 1886 parte
991 1812 1123 1872 secunda

113 1900 276 1961 voluminis
299 1899 400 1958 XVIH
428 1899 499 1960 libri
526 1899 681 1958 utilissimi
706 1901 813 1958 mticos
841 1903 867 1958 et
893 1901 1014 1959 caratts
1036 1902 1074 1960 de
1094 1902 1124 1960 to

112 1986 299 2063 bibliotltdqoe
317 1989 359 2048 dc
376 1989 434 2047 Rei
453 1992 501 2049 etc.
533 1987 608 2046 mihi
625 1988 658 2046 in
670 1987 834 2066 proecdosi,
853 2006 922 2048 oum
935 1991 1009 2048 tunc
1024 1989 1124 2067 ipsum

113 2079 255 2138 volumen
287 2076 419 2136 nondum
450 2076 610 2154 prodierit,
641 2097 696 2153 per
733 2077 922 2136 Theodorum
957 2078 1124 2139 Mommsen

113 2166 208 2244 licuit,
231 2166 284 2225 illo
304 2165 466 2241 exemplari
483 2167 539 2241 uti,
559 2164 639 2242 quod
656 2165 713 2240 ipsi
731 2165 896 2225 Brunetius
915 2168 985 2226 ante
1004 2168 1124 2245 aliquot

113 2272 207 2314 annos
231 2255 361 2314 miserat.
397 2274 476 2313 nunc
497 2254 585 2330 potui
604 2253 745 2313 adhibere
768 2254 931 2314 editionem
951 2256 1051 2317 multo
1076 2275 1123 2318 ac·

114 2344 308 2420 curatiorem,
345 2361 437 2420 quam
468 2342 516 2402 Fr.
543 2342 678 2402 Blassius
714 2344 798 2404 1887
833 2342 952 2404 curavit
984 2345 1122 2424 longiore

113 2432 363 2492 commentatione
385 2432 558 2507 praemissa.

179 2520 320 2580 Eudoxi
343 2521 464 2598 quidem
483 2523 579 2580 artem
602 2521 650 2579 hie
673 2520 807 2580 exhiberi
829 2521 903 2580 dicit
931 2523 1123 2584 acrostichon

113 2608 270 2668 duodecim
295 2628 451 2687 versuum,
479 2609 532 2687 qui
558 2608 656 2669 medio
683 2609 715 2669 in
739 2609 813 2670 folio
836 2627 922 2671 verso
945 2613 1057 2688 papyri
1079 2614 1122 2675 lo·

113 2702 236 2776 grmtur,
258 2698 379 2757 horum:

242 2814 295 2882 Ἐν
316 2820 390 2906 τῷδε
413 2821 498 2895 δείξω
521 2831 611 2882 πᾶσιν
633 2819 776 2900 ἐκμαθεῖν
799 2820 899 2900 σοφὴν

241 2906 324 2990 ‘linio
346 2909 440 2971 πόλου
463 2911 603 2983 σύνταξιν
626 2909 658 2970 ἐν
681 2913 787 2991 βραχεῖ
804 2910 880 2996 λόγῳ

245 2999 326 3072 Aede
349 2999 436 3078 τῆσδε
459 2996 560 3078 τέχνης
584 2996 694 3060 εἰδέναι
716 3007 797 3078 σαφῆ
820 2998 895 3080 πέρι.

248 3087 355 3161 Οὐδεὶς
376 3088 432 3169 γάρ
455 3086 533 3148 ἔστιν
556 3086 659 3166 ἐνδεὴς
680 3088 815 3169 γνώμης,
839 3088 895 3173 ὅτῳ

211 3193 226 3238 5
246 3174 339 3244 Ξένον
361 3182 512 3256 φανεῖται,
534 3171 604 3261 τῷδ’
629 3175 681 3238 ἐὰν
704 3178 779 3262 ξυνῇ
801 3182 906 3250 καλῶς.

245 3264 276 3328 Ὁ
299 3263 352 3347 μὲν
376 3267 471 3347 στίχος
493 3267 555 3346 μείς
577 3264 651 3345 ἐστι,
673 3267 792 3347 γράμμα
815 3260 844 3325 δ’
868 3263 963 3346 ἡμέρα

182 3459 228 3524 42)
256 3455 286 3509 in
309 3453 506 3510 dissertatione
528 3472 577 3510 swr
600 3455 724 3527 l'mtqioc
746 3456 785 3510 da
807 3457 941 3524 radioque
965 3455 1036 3511 Grec
1057 3461 1083 3512 et
1099 3473 1121 3512 s.

108 3528 182 3599 plus,
197 3528 291 3596 points
308 3529 341 3582 dc
359 3528 539 3581 z’asoronmm'e
559 3526 678 3598 (tresque
697 3528 758 3596 eta,
782 3542 855 3595 quae
874 3525 981 3581 inserta
999 3530 1043 3582 est
1060 3525 1121 3581 eius

111 3597 180 3654 anni
198 3597 295 3652 diariis
308 3599 426 3668 jannae
443 3599 489 3653 des
505 3605 622 3654 saooots.
734 3618 737 3624 ·
