2490 4124
336 274 377 328 IN
395 273 629 328 CALENDARIA
647 273 794 328 GRAECA
979 274 1066 329 LXXI

46 445 137 507 dario
166 443 290 504 rustico.
338 461 521 519 quamquam
550 443 628 502 enim
656 443 837 502 concordant
864 444 967 520 plura,
996 447 1067 504 sunt

12 604 15 608 .
46 541 155 597 tamen
168 552 230 591 non
244 533 344 592 solum
361 549 438 608 quas
458 531 579 609 distent,
599 532 651 591 sed
671 533 763 592 etiam
782 551 859 608 quae
877 533 969 608 plane
985 534 1066 608 apud

50 622 254 685 Columellam
281 620 380 679 desint
413 611 495 701 (vide
520 623 571 681 26.
594 621 696 698 Mart,
727 622 754 680 8.
778 620 889 698 April,
921 623 971 682 27.
994 621 1069 695 Iun,

52 716 105 773 22.
130 713 163 770 et
187 712 238 769 24.
258 701 365 791 Nov.):
389 728 467 786 quae
491 709 591 768 omnia
613 710 665 771 vix
688 708 865 768 crediderim
888 728 976 785 posse
1000 729 1069 769 cum
1117 724 1120 729 ’

52 802 241 862 Mommseno
269 797 334 857 CIL
363 787 397 856 1⁹
423 819 451 875 p.
472 799 535 856 255
565 799 602 857 ad
629 799 808 860 breviatoris
833 798 983 857 incuriam
1006 799 1069 859 sive

54 888 252 950 librariorum
273 887 496 964 neglegentiam
518 887 633 947 referri.
724 914 726 919 ·

121 977 281 1037 Postremo
304 975 474 1035 Pliniana
494 995 612 1053 quoque
632 980 772 1053 excerpta
791 975 909 1035 adicere
928 976 1070 1035 idoneum

55 1069 158 1128 visum
178 1067 233 1143 est,
257 1083 448 1123 cumeorum
471 1063 560 1142 longe
582 1066 713 1123 maxima
735 1082 804 1141 pars
828 1065 866 1123 ad
890 1064 1003 1124 Graeca
1022 1084 1070 1124 ca-

56 1154 196 1216 lendaria
218 1154 323 1212 redeat
349 1172 447 1230 neque
470 1153 623 1212 secludere
646 1154 731 1213 volui
753 1172 851 1229 panca
874 1172 910 1212 ea
934 1173 1011 1230 quae
1031 1155 1069 1214 ad

55 1245 218 1305 Caesarem
240 1243 342 1318 ipsum
364 1242 532 1301 revocanda
555 1260 619 1302 esse
642 1246 767 1303 constet.

124 1331 174 1391 Ad
197 1331 297 1390 omnia
319 1349 390 1390 vero
418 1330 590 1390 calendaria
615 1331 855 1409 recognoscenda
884 1331 983 1390 socius
1006 1332 1070 1391 fere

57 1421 158 1499 operis
181 1419 256 1478 mihi
278 1418 380 1479 extitit
402 1419 593 1480 Famaarcus
612 1420 776 1498 Urveuaus²
800 1420 1069 1498 wirceburgensis,
1178 1435 1183 1449 ‘

57 1511 111 1589 qui
144 1528 204 1568 uon
239 1509 337 1568 solum
368 1507 616 1585 aliquammultas
647 1510 784 1586 egregias
817 1509 1005 1570 coniecturas
1038 1513 1069 1569 et

57 1604 150 1660 antea
167 1598 340 1674 protulerat
358 1599 389 1656 et
407 1616 485 1656 nunc
503 1617 620 1657 mecum
644 1598 810 1657 liberaliter
828 1599 1069 1676 communicavit,

55 1671 219 1749 sedetiam
237 1685 373 1763 singulos
392 1685 464 1745 dum
482 1686 600 1762 prelum
619 1690 757 1746 exercent
771 1687 984 1763 quaterniones
1003 1707 1068 1763 per-

55 1775 203 1837 lustravit
225 1779 257 1835 et
278 1774 360 1834 haud
386 1793 484 1850 pauca
508 1795 585 1852 quae
613 1777 652 1834 ad
675 1775 768 1837 verba
789 1779 870 1835 recte
894 1776 957 1836 sive
980 1777 1067 1834 intel-

56 1864 188 1944 legenda
217 1863 280 1923 sive
308 1863 500 1922 diiudicanda
528 1865 661 1924 facerent
689 1864 801 1941 insigni
830 1883 890 1941 qua
916 1865 1013 1940 pollet
1039 1865 1071 1922 in

54 1956 104 2014 his
128 1953 322 2030 potissimum
344 1952 434 2010 rebus
457 1953 593 2012 doctrina
616 1953 784 2013 adnotavit.

126 2042 170 2101 Ut
187 2041 276 2100 facile
294 2041 453 2100 stellarum
471 2042 657 2120 singularum
669 2040 876 2119 'apparitiones
898 2060 976 2118 quse
991 2041 1073 2119 apud

57 2132 269 2192 Ptolemaeum
297 2132 402 2189 extant
427 2150 488 2190 uno
517 2133 679 2208 conspectu
702 2129 913 2207 comprehendi
940 2135 1071 2208 possent,

55 2222 90 2280 in
113 2220 173 2279 fine
197 2220 263 2300 eins
290 2219 453 2278 calendarii
476 2238 578 2279 omnes
602 2220 757 2296 composui
784 2219 944 2295 discriptas
968 2239 1072 2279 secun·

58 2311 134 2370 dum
156 2309 216 2368 duo
239 2308 355 2384 primae
378 2308 585 2386 secundaeque
608 2308 826 2386 magnitudinis
850 2327 960 2386 genera
983 2312 1074 2369 etex

55 2399 164 2460 ordine
187 2416 232 2472 eo,
255 2415 345 2474 quem
368 2397 432 2472 ipse
455 2400 644 2457 astronomus
667 2398 699 2456 in
718 2398 761 2456 eis
777 2397 949 2457 enarrandis
964 2398 1072 2458 tenuit.

55 2491 231 2547 ceterorum
252 2505 324 2545 vero
344 2485 583 2546 calendariorum
603 2486 806 2562 apparitiones
826 2504 863 2544 ex
881 2486 1070 2562 alphabetico

56 2575 216 2636 nominum
247 2573 350 2633 ordine
380 2573 493 2633 subieci
522 2575 554 2634 in
581 2575 640 2634 fine
664 2576 759 2635 totius
791 2575 940 2635 editionis.
981 2576 1072 2636 Prae-

57 2671 145 2725 terea
168 2661 362 2741 gravissimas
390 2663 535 2740 quasdem
563 2683 640 2741 quae
668 2665 707 2723 ad
734 2663 905 2724 calendaria
933 2668 1071 2742 spectant

60 2751 285 2813 observationes
309 2751 422 2811 subieci
446 2755 477 2811 et
495 2757 654 2812 auctorum
673 2755 825 2830 quotquot
842 2754 874 2812 in
893 2755 1071 2813 calendariis

58 2841 228 2901 laudantur
245 2840 419 2900 testimonia
433 2841 494 2900 suis
517 2841 626 2919 cuique
645 2841 720 2902 locis
743 2842 902 2918 adscriptis
926 2843 1071 2921 congessi.

58 2930 173 3007 quibus
196 2928 287 2988 rebus
311 2929 449 2989 omnibus
472 2948 559 3006 spero
582 2931 647 2990 fore
669 2934 706 2990 ut
733 2932 825 3006 paulo
853 2932 951 3009 magis
980 2950 1072 3008 quam

60 3020 134 3079 olim
156 3019 318 3098 lectorum,
341 3019 444 3096 siqui
467 3022 568 3098 erunt,
592 3020 662 3080 usui
685 3022 857 3080 consultum
880 3021 928 3079 sit.

463 3317 675 3327 n—-—
