2490 4124
303 274 434 330 NIGIDII
451 273 684 330 TONITRVALE
704 280 736 345 (ο.
756 279 798 329 εο.
818 276 862 342 ετ)
902 274 907 281 ·
1047 272 1089 336 85

150 436 182 516 ζ.
206 439 236 502 εί
258 440 440 524 βροντηση,
464 437 575 521 ἀγαθά
596 439 704 502 πάντα
725 435 780 501 καὶ
804 438 962 520 ἀφθονον
980 434 1090 519 εὐετη-

81 547 161 632 ’ρίαν
183 545 288 628 δηλοῖ.

148 649 187 734 η’.
211 653 241 716 εί
262 653 444 737 βροντήση,
466 653 670 737 κατομβρίαν
693 651 789 733 δηλοῖ
812 648 978 714 ἐτιίνοσον.
1061 657 1150 725 148Α,

148 755 193 822 θ’.
217 758 246 822 εἰ
268 761 451 844 βροντήση,
474 762 572 839 νίκην
594 766 634 844 τῇ
656 760 808 842 βασιλείᾳ
831 757 927 839 δηλοῖ
947 752 1091 831 καὶτοῖς

56 865 241 941 ιθυνατοῑς
264 864 487 950 εὐφροσύνην.

151 968 181 1035 ι’.
205 971 235 1035 εί
256 973 434 1057 βροντήση,
457 971 591 1057 ἀνδρῶν
609 971 750 1054 ἀγαθῶν
766 968 931 1057 προκοπαὶ
950 971 1091 1033 ἔσονται.

152 1075 204 1143 ια’.
228 1078 257 1142 εί
279 1081 458 1165 βροντήση,
480 1080 520 1142 τά
543 1078 627 1142 αὐτὰ
649 1081 810 1161 σημαίνει.

152 1182 204 1267 ιβ’.
228 1186 257 1249 εί
279 1186 457 1271 βροντηση,
477 1186 602 1270 βροχάς
624 1183 680 1249 καὶ
703 1184 864 1268 εὐθηνίας
881 1180 936 1247 καὶ
955 1180 1124 1267 φθοράνΒ

84 1291 215 1375 ίχθύοτν
238 1291 342 1375 δηλοῖ.

43 1425 69 1465 10
152 1394 204 1479 ιη’.
232 1397 261 1461 εί
287 1399 470 1484 βροντηση,
498 1397 692 1483 ἀνθρώποις
718 1397 774 1463 καὶ
798 1401 931 1482 κτήνεσι
955 1396 1093 1483 φθορὰν

84 1502 220 1568 ἀπειλεῖ.
268 1484 275 1501 x

153 1607 204 1674 ιδ’.
228 1611 257 1674 εἰ
279 1611 460 1695 βροντήση,
483 1609 614 1693 ὑγίειαν
636 1608 691 1674 καὶ
715 1610 879 1695 εὐθηνίαν
902 1610 1006 1694 δηλοῖ.

153 1713 200 1779 ιε’.
224 1715 253 1779 εί
275 1717 453 1801 βροντήση,
476 1717 594 1800 λοιμὸν
618 1720 778 1800 σημαίνει.

30 1851 70 1891 τεο
153 1819 204 1894 ις’.
228 1822 257 1885 εί
275 1823 452 1907 βροντηση,
472 1822 636 1905 εὐθηνίαν
653 1822 724 1906 με’ν,
742 1832 837 1906 μυῶν
852 1818 889 1886 δὲ
903 1820 1094 1906 ἀρουραίων

43 1926 219 2011 τεμένεσιν
242 1929 345 2013 δηλοῖ.

154 2032 201 2112 ιζ.
234 2036 263 2099 εἰ
293 2037 475 2121 βροντήση,
507 2034 681 2119 ἀφθονίαν
712 2045 779 2099 τῶν
811 2033 1006 2118 ἐπιτηδείων
1038 2041 1124 2116 σηῦ

85 2144 205 2225 μαίνει.

82 2296 86 2301 -
154 2245 206 2330 ιη’.
239 2249 268 2312 εἰ
295 2251 477 2332 βροντήση,
505 2249 678 2333 ὃιχόνοιαν
703 2248 759 2314 καὶ
782 2248 916 2334 ἀνδρῶν
938 2246 1096 2332 ἀστοχίαν

85 2358 248 2438 σημαίνει.
371 2438 375 2449 ἱ

43 2490 72 2530 ιο
155 2458 211 2526 ιθ’.
240 2463 269 2526 εἰ
290 2465 473 2549 βροντήση,
497 2463 639 2538 δυνατὸς
662 2461 746 2549 ἀνὴρ
769 2471 827 2546 τῆς
848 2464 1017 2537 πολιτείας
1039 2459 1096 2525 οὐ-

86 2571 161 2645 σίας
184 2570 250 2652 ἀμα
271 2567 326 2633 καὶ
351 2566 448 2651 δόξης
471 2568 742 2655 ἀφαιρεθήσεται.

153 2672 191 2739 κ’.
220 2676 248 2739 εἰ
270 2677 452 2761 βροντήση,
475 2679 704 2759 θεοχολοοσίαν
728 2679 888 2759 σημαίνει.

82 2836 89 2850 .
152 2779 212 2846 τιν’.
245 2782 274 2846 εί
296 2784 478 2868 βροντηση,
506 2792 576 2858 τοῖς
598 2779 659 2865 μὲν
681 2793 821 2868 καρποῖς
844 2780 969 2867 δεξιόν,
995 2792 1034 2869 τῇ
1057 2777 1130 2848 &ID

85 2892 236 2973 πολιτείᾳ
257 2890 404 2972 πόλεμον
427 2891 586 2972 σημαίνει.

45 3020 72 3061 ιο
152 2992 213 3076 νβ’.
237 2995 266 3058 εἰ
288 2995 470 3081 βροντήση,
494 2997 610 3081 φθορά
631 3007 699 3061 τῶν
721 3006 817 3081 μυῶν
840 3001 940 3062 ἔσται.

152 3098 211 3185 τιν’.
240 3103 268 3166 εί
295 3103 477 3187 βροντήση,
504 3103 631 3188 βροχὴν
658 3101 829 3188 ὠφέλιμον
850 3113 921 3179 τοῖς
944 3105 1149 3187 σπορί-ιοοΑ

85 3231 161 3291 μοις
184 3208 288 3290 δηλοῖ.

158 3435 175 3489 1
810 3432 918 3490 ασιλεία
936 3435 1023 3490 etiam
1041 3437 1071 3491 P

87 3505 124 3560 12
146 3456 245 3576 θηεύαν
269 3508 297 3560 Ρ
318 3508 323 3577 Ι
348 3502 489 3575 εὐθηνίαν
517 3504 603 3588 είίοω
627 3509 685 3632 Ρη
707 3505 745 3561 14
769 3437 916 3590 εὐθηνίαύ.
936 3506 1023 3562 etiam
1038 3508 1070 3563 ‘P

86 3585 175 3647 μυιῶν
194 3577 222 3631 Ρ
239 3580 249 3647 ΙΙ
270 3578 307 3631 16
326 3574 475 3648 ἀφθονίαν
493 3579 580 3632 etlam
598 3580 626 3632 P
641 3581 651 3649 ΙΙ
689 3578 707 3634 8
725 3576 860 3651 ἀοτοχίαν
878 3581 964 3634 etlam
983 3580 1011 3634 P
1028 3583 1038 3651 ΙΙ

87 3648 186 3714 δεξιὰν
205 3647 299 3718 01125
317 3658 395 3719 μνῶν
413 3650 447 3719 P,
467 3658 555 3720 μυιῶν
574 3650 598 3706 0

218 3433 308 3490 θόνον
328 3433 407 3505 0114
426 3431 509 3505 δίκην
529 3437 556 3505 (δ
573 3436 659 3504 rubr.)
679 3437 724 3506 ΡΙ
739 3444 773 3508 τη
