2490 4124
176 266 219 331 28
507 266 596 319 LYDI
612 264 661 318 DE
682 264 854 319 OSTENTIS

177 429 210 506 ἐξ
233 429 357 512 εὐδίας,
381 429 497 493 εὐδίαν
516 427 545 492 δ’
565 427 600 492 ἐκ
619 438 779 512 χειμῶνος
797 431 1095 514 προσημαίνουσιν.
1133 425 1187 490 καὶ

178 537 223 612 ὡς
251 534 371 600 ἐπίπαν
399 536 574 599 συνελόντι
602 535 708 598 εἰπεῖν
736 535 769 597 αλ
797 536 974 597 καθόλου
1002 542 1063 597 τοῦ
1091 531 1190 618 ἀέρος
1234 612 1237 629 Ι

179 641 406 726 ἐπιγινόμεναι
430 641 593 727 ίδιόχροοι
617 644 796 724 φαντασίαι
819 648 956 704 τοιαῦτα
978 640 1129 723 δηλοῦσι.

548 816 608 882 DE
633 815 819 881 COMETIS

248 943 297 1006 10.
340 946 490 1005 Τοσαῦτα
522 938 584 1025 μὲν
610 939 686 1024 περὶ
714 940 828 1023 ήλίου
856 938 911 1004 καὶ
940 943 1108 1024 σελήνης
1136 939 1190 1005 καλ
1214 970 1225 1011 τ

179 1057 247 1112 τῶν
273 1044 351 1111 καθ’
379 1043 541 1132 ἑκατέρων
569 1046 679 1111 αὐτῶν
705 1048 967 1129 συμβαινόντων.
1014 1045 1193 1133 Χωρητὲον

181 1150 218 1218 δὲ
249 1153 369 1217 λοιπὸν
401 1151 454 1217 ἐπὶ
486 1155 547 1236 τήν
578 1154 713 1239 πρώτην
744 1153 825 1236 ήμῖν
850 1149 906 1216 καλ
934 1153 1055 1236 σχεδὸν
1084 1155 1193 1237 μόνην

180 1269 240 1325 τοῦ
260 1260 515 1345 συγγράμματος
531 1262 714 1345 πρόφασιν,
737 1255 848 1344 φαμὲν
867 1255 904 1323 δὲ
921 1262 1001 1335 τοὺς
1021 1263 1193 1343 κομήτας

181 1365 334 1452 ἀστέρας,
370 1363 558 1442 ἐπεξιόντας
593 1376 663 1442 τοῖς
697 1361 781 1449 ὑπὲρ
820 1364 930 1429 αὐτῶν
962 1365 1194 1450 δηλουμένοις,

181 1473 332 1558 καθάπερ
361 1473 441 1556 ήμίν
469 1470 504 1534 ἐκ
531 1482 598 1535 τῶν
627 1470 878 1557 προειρημένων
904 1474 1046 1554 βιβλίων
1074 1472 1194 1556 γέγονε
1208 1504 1232 1543 ιο

183 1580 294 1662 δήλον.
337 1581 509 1662 γινόμενοι
533 1579 594 1664 γάρ
616 1580 699 1642 κατὰ
716 1581 794 1654 τοὺς
813 1577 1038 1655 ἐλλειπτικοὺς
1056 1583 1196 1663 καιροὺς

182 1684 202 1769 ή
226 1683 281 1749 καὶ
303 1683 380 1749 καθ’
404 1685 602 1767 ολονδήποτε
624 1686 749 1770 χρόνον
771 1695 843 1760 τοῖς
864 1686 905 1748 τά
927 1692 1064 1748 τοιαῦτα
1085 1683 1196 1769 ἐπιτη-

183 1802 256 1879 ρεῖν
283 1789 440 1856 ἐθέλουσι
468 1791 571 1874 δῆλον
598 1793 777 1874 ποιήσουσι
805 1791 862 1854 διά
888 1813 923 1853 τε
949 1799 1017 1854 τῶν
1043 1800 1104 1855 τοῦ
1138 1796 1179 1871 ζω

1157 1858 1165 1880 Ι

255 1929 272 1983 l
293 1928 323 1982 ἐκ
342 1928 374 1983 δὲ
391 1938 524 2000 χειμῶνος
539 1927 637 1983 εόδίαν
652 1930 837 1997 σημαίνουσιν
851 1928 911 1996 LO,
930 1928 979 1995 qui
993 1945 1047 1983 om.
1063 1946 1128 1983 eum
1147 1930 1196 1998 qui

185 2001 311 2069 sequitur
320 2001 404 2053 finem
414 1999 565 2122 οιιρὶτίεήλ
575 1998 806 2054 συνελόνταΒΜ
809 2000 843 2054 Ν
852 2002 861 2069 ΙΙ
875 1998 938 2053 θτδι
947 2001 1101 2054 τοιαῦταί)
1114 2001 1118 2073 Ι
1130 2005 1197 2070 post

185 2075 300 2141 δηλοῦσι
313 2071 420 2125 habent
434 2071 508 2125 MN
543 2087 604 2126 aec:
623 2071 658 2125 τὰ
671 2070 724 2140 γὰρ
738 2080 795 2124 τῶν
809 2075 970 2124 καθολικῶν
984 2069 1196 2142 ἀποτελέσματα

184 2143 247 2210 ήτοι
265 2140 314 2196 διὰ
332 2151 387 2197 τῶν
406 2142 584 2197 ἐκλειπτικῶν
603 2142 678 2197 ἐστιν
696 2139 714 2209 ἢ
733 2141 782 2195 διδι
800 2150 856 2196 τῶν
876 2140 1048 2210 ἐπιφανειῶν
1060 2151 1117 2196 τῶν
1131 2147 1196 2212 κλη-

185 2213 280 2284 μάτων
299 2212 393 2282 (immo
412 2211 570 2281 κλιμάτων),
588 2214 653 2282 περί
672 2212 690 2266 ἃ
709 2214 757 2267 καὶ
773 2212 808 2266 τδι
823 2212 900 2266 αίτια
913 2221 969 2267 τῶν
983 2210 1196 2285 συμβαινόντων

185 2287 373 2350 ἀποτελεῖται,
405 2282 507 2351 quibus
540 2283 644 2337 similia
676 2300 725 2337 suo
757 2283 819 2338 Ιοοο
846 2283 876 2336 in
904 2284 933 2337 D
961 2283 1094 2352 leguntur
1119 2285 1196 2339 infra

184 2374 211 2425 p.
227 2362 270 2423 29,
286 2361 318 2407 12
330 2372 389 2421 sqq.
403 2357 412 2423 ή
426 2352 521 2422 4—1).
536 2353 585 2426 29,
601 2355 618 2408 9
635 2353 752 2409 Ptolem.
771 2355 791 2410 f.
807 2360 841 2408 23
858 2371 929 2408 vers.
948 2352 1084 2424 τηρητέον
1101 2354 1134 2410 δὲ
1155 2356 1196 2411 ἔτι

185 2427 234 2480 καλ
251 2425 301 2488 τόις
319 2424 520 2495 συνισταμένας
538 2424 689 2492 ήτοικατδι
704 2427 769 2487 τοὺς
784 2425 971 2488 ἐκλειπτικοδς
984 2427 1101 2494 καιροὺς
1114 2424 1131 2494 ἢ
1147 2429 1196 2482 καλ

186 2495 336 2564 δτεδήποτε
350 2505 479 2564 κομητῶν
492 2495 660 2566 ἐπιφανείας
672 2495 743 2567 πρὸς
755 2496 806 2560 τὰς
815 2496 941 2551 καθόλου
950 2496 1124 2565 περιστάσεις
1135 2495 1196 2552 ολον

184 2576 241 2621 τῶν
254 2565 433 2635 καλουμένων
444 2564 565 2622 δοκίδων
575 2565 592 2636 ἢ
603 2565 761 2637 σαλπίγγων
770 2565 892 2660 ’ήπίθων
903 2611 908 2622 .
921 2611 927 2622 .
939 2612 944 2621 .
955 2567 1093 2637 δηλούσας
1103 2567 1134 2622 δὲ
1146 2569 1196 2623 διὰ

185 2635 238 2707 μὲν
260 2646 316 2691 τῶν
337 2646 388 2691 τοῦ
407 2640 545 2703 ζωδιακοῦ
564 2648 662 2708 μερῶν,
682 2637 755 2693 καθ’
776 2659 815 2693 ων
834 2636 870 2693 διν
889 2639 920 2692 αλ
938 2637 1082 2702 συστάσεις
1101 2641 1196 2695 αὐτῶν

186 2706 344 2776 φαίνωνται
367 2710 415 2761 καλ
437 2718 493 2763 τῶν
516 2710 588 2763 κατὰ
610 2710 645 2763 τὰ
669 2709 795 2779 σχήματα
820 2718 869 2778 τῆς
891 2708 978 2779 κόμης
1000 2711 1196 2779 προσνεόσεων

185 2781 251 2842 τοὺς
268 2776 371 2868 τόποφς
385 2777 426 2841 οἶς
444 2779 643 2869 ἐπισήήπτουσι
661 2781 696 2834 τὰ
715 2781 910 2868 συμπτώματα,
930 2779 978 2834 διά
994 2800 1023 2834 τε
1038 2790 1093 2836 τῶν
1108 2784 1196 2852 αὐτῆς

184 2847 1080 2995 {73055552552353353222izissi‘zssssssnssiiffli,²32⁷&
1093 2853 1196 2978 {3⁰:0⁶5

185 2993 288 3064 χρόνον
306 3001 356 3062 τῆς
375 2991 508 3062 ἐπιμονῆς
526 2992 577 3061 τήν
595 2993 755 3062 παράτασιν
773 3003 829 3048 τῶν
847 2993 1067 3064 συμπτωμάτων,
1091 2993 1141 3048 διδι
1163 2995 1195 3049 δὲ

184 3073 233 3134 τῆς
255 3065 326 3133 πρὸς
349 3064 399 3119 τὸν
422 3061 501 3132 ήλιον
525 3061 641 3133 σχέσεως
663 3064 715 3134 τήν
737 3064 892 3134 καταρχὴν,
920 3062 1034 3133 ἐπείπερ
1058 3065 1122 3137 ἑῷοι
1142 3065 1195 3136 μὲν

184 3136 302 3190 ἐπιπολὺ
322 3132 491 3204 φαινόμενοι
505 3133 603 3204 τάχιον
618 3133 855 3205 ἐπισημαίνουσιν,
875 3133 997 3206 ἑσπέριοι
1010 3135 1043 3191 δὲ
1057 3136 1176 3209 βράδιον
1184 3138 1196 3209 ΙΙ

184 3206 203 3261 4
222 3208 252 3260 in
270 3207 295 3260 D
318 3205 372 3260 ine.
397 3223 501 3260 novum
524 3207 609 3274 caput
631 3205 713 3262 inser.
734 3208 799 3275 περὶ
817 3215 872 3261 τῶν
890 3215 1018 3276 κομητῶν
1036 3209 1085 3261 καλ
1104 3207 1196 3263 ἄλλων

186 3279 356 3347 άστροειδῶν
366 3279 545 3347 διοσημείον;
556 3277 590 3330 de
599 3277 636 3329 Μ
639 3278 673 3330 Ν
677 3277 742 3331 vide
751 3276 821 3346 prol.
833 3277 843 3350 ή
852 3277 870 3330 ό
879 3280 1132 3348 τοσαῦτα-δῆλον
1139 3281 1195 3350 (11)

184 3348 290 3403 habent
304 3350 377 3403 ΒΜ
379 3349 414 3403 Ν
428 3351 436 3418 ΙΙ
451 3348 469 3402 6
489 3347 588 3416 ἑτέρων
604 3349 641 3401 Μ
644 3349 677 3402 Ν
687 3351 696 3418 ΙΙ
712 3349 726 3402 7
746 3351 813 3418 ἡμῖν
830 3365 883 3403 om.
901 3349 975 3403 ΜΝ
986 3351 990 3418 Ι
1007 3347 1108 3421 μόνην]
1127 3350 1195 3420 ἡμῖν

183 3418 334 3490 γινομένην
344 3420 418 3473 ΜΝ
428 3423 437 3489 ΙΙ
451 3419 469 3473 8
480 3419 514 3487 δὴ
524 3420 558 3472 Μ
564 3420 598 3474 Ν
607 3422 616 3489 ΙΙ
630 3420 716 3482 θτοῑς
726 3418 776 3473 ἀπ’
785 3420 858 3474 ΜΝ
868 3423 877 3490 {i
891 3421 927 3474 11
938 3417 1081 3490 γινόμενοι
1090 3420 1157 3493 γὰρ]
1168 3421 1195 3476 οἱ

184 3488 215 3543 δὲ
230 3491 425 3562 συνιστάμενοι
438 3499 558 3561 κομῆται
576 3492 625 3544 καλ
643 3490 678 3543 τδι
698 3489 767 3543 άλλα
781 3492 928 3560 ἀστροειδή
943 3499 1041 3561 σημεῖα
1056 3491 1194 3561 γενόμενα

183 3561 242 3616 Lo
253 3561 256 3633 λ
268 3559 415 3632 γινόμενον
423 3562 452 3615 D
465 3561 468 3633 ή
480 3563 595 3630 καιροὺς
605 3579 658 3615 om.
667 3562 697 3616 D
710 3563 719 3631 ΙΙ
734 3560 771 3614 12
781 3563 829 3614 καλ
837 3578 890 3615 om.
899 3562 925 3614 L
941 3563 945 3632 Ι
961 3561 1194 3625 τοῖς-ἐθέλουσι

184 3631 250 3703 (13)]
262 3648 314 3686 om.
323 3633 380 3686 LO
393 3635 402 3701 ΙΙ
416 3632 453 3686 13
463 3629 619 3687 θέλουσιΝ
632 3634 635 3702 λ
652 3632 701 3685 διά
710 3632 973 3702 τε-συστάσειςήφ.
983 3634 1070 3703 29,2)]
1079 3650 1132 3689 om.
1141 3634 1195 3689 Lo
