2490 4124
172 229 214 293 74
501 229 589 283 LYDI
606 227 655 282 DE
675 227 849 284 OSTENTIS

237 390 295 466 κε’.
326 393 356 456 ελ
382 393 565 478 βροντηση,
592 389 816 476 αὐξηθήσεται
842 388 904 476 μὲν
926 392 966 456 τά
989 393 1107 477 θηρία,
1131 396 1182 456 λι-

169 497 269 582 μόξει
293 494 329 562 δὲ
353 497 448 582 ὅμως.
587 488 608 524 ·’
1144 546 1146 551 >

236 602 291 683 κζ.
320 605 349 669 εἰ
371 606 554 691 βροντήση,
578 603 762 690 ἐπομβρίαν
785 605 890 687 δηλοῖ.

235 707 295 793 κη’.
324 710 353 774 εί
375 712 557 796 βροντήση,
580 711 692 774 ἐνδεια
715 712 805 774 ἐσται
828 720 901 779 τῶν,
919 709 1116 794 ἀναγκαίων.

236 816 300 883 καθ’.
329 819 358 881 εἰ
380 819 562 903 βροντηση,
586 817 742 895 ἐπίνοσος
765 818 783 883 ὁ
807 817 967 895 ἐνιαυτός.
1195 847 1236 887 ωε

98 982 101 989 .
136 941 159 994 Β
236 923 274 988 λ’.
307 925 337 989 εἰ
368 926 551 1010 βροντηση,
585 923 647 988 οὐκ
678 924 843 1009 εὐθηνίαν
873 925 981 1009 μόνον
1013 923 1095 989 ἀλλά
1124 921 1181 987 καὶ
1208 954 1221 993 ο

170 1031 349 1096 ἐλάττωσιν
380 1041 448 1094 τῶν
478 1034 647 1114 πολεμίων
676 1030 731 1096 καὶ
759 1012 975 1116 εὐφροσύνην
1002 1040 1072 1107 τοῖς
1098 1030 1183 1117 πρά-

169 1154 270 1222 γμασι
294 1137 398 1220 δηλοῖ.

532 1217 802 1326 ’ΝοωΜΒΡΙοΣ

236 1386 287 1450 32.
320 1383 357 1449 α’.
381 1386 425 1449 Εἰ
447 1386 630 1472 βροντήση,
655 1387 827 1469 διχόνοιαν
850 1387 947 1469 δηλοῖ
970 1395 1009 1472 τη
1031 1387 1135 1451 πόλει.
1196 1415 1222 1454 10

234 1490 274 1575 ἀ.
302 1493 332 1556 εἰ
353 1494 536 1578 βροντηση,
560 1491 725 1575 εὐθηνίαν
746 1490 910 1582 προλέγει.

138 1612 158 1667 C
235 1596 273 1682 γ’.
301 1598 332 1663 εί
358 1600 542 1685 βροντηση,
569 1598 743 1684 πράγματα
762 1598 970 1682 ἀναφύεται,
999 1596 1043 1662 δι’
1071 1593 1119 1663 ὧν
1146 1599 1180 1663 ολ

169 1705 324 1782 ἐλάττους
346 1702 556 1790 περιέσονται
579 1715 647 1768 τῶν
669 1706 837 1789 μειζόνων.

235 1810 264 1875 δ
266 1862 279 1884 .,
302 1813 331 1876 εἰ
353 1813 536 1898 βροντηση,
560 1814 719 1897 κρείττων
743 1811 760 1876 ὁ
785 1822 884 1888 σῖτος.

234 1916 268 1984 ε’.
296 1920 325 1983 εἰ
343 1920 521 2005 βροντήση,
541 1918 640 2000 ζάλην
658 1928 729 1994 τοῖς
746 1919 915 2004 πράγμασι
935 1919 1041 2001 δηλοῖ,
1060 1919 1180 2002 αἰσθη-
1196 1945 1221 1985 15

72 2054 75 2059 ·
167 2036 237 2102 τοῖς
259 2048 294 2089 τε
318 2023 372 2088 καὶ
396 2024 532 2107 ἀλόγοις
554 2025 666 2088 νόσον.

124 2160 125 2163 ’
235 2130 271 2205 ς’.
300 2133 329 2195 εἰ
350 2133 533 2217 βροντηση,
558 2132 724 2214 σκώληκες
746 2139 792 2218 τῷ
817 2133 897 2195 σίτω
921 2135 1187 2214 λυμανοῦνται

132 2250 156 2304 Ι)
234 2236 266 2317 ζ.
298 2238 328 2301 εἰ
355 2238 538 2323 βροντηση,
570 2246 640 2312 τοῖς
671 2236 736 2300 ὑπὸ
767 2238 829 2320 την
856 2238 957 2301 δύσιν
984 2237 1179 2376 ἀνθρωποις

166 2342 279 2411 τεκαὶ
304 2342 438 2424 ἀλόγοις
461 2345 565 2407 νόσοι.

233 2476 272 2534 η.
301 2450 330 2513 εί
356 2450 539 2534 βροντηση,
567 2448 776 2533 ἀδδηφαγιας
804 2452 941 2514 ἐσεσθαι
968 2451 1020 2527 δεῖ
1043 2451 1100 2513 διά
1122 2453 1180 2514 νό-
1193 2478 1243 2516 εο,

171 2573 251 2634 σονς
274 2553 521 2639 ἀπειλονμένας.

114 2673 196 2730 1161
235 2660 279 2728 θ’.
302 2663 332 2727 εἰ
353 2663 537 2748 βροντήση,
561 2663 714 2746 δημοτῶν
733 2660 1015 2747 ἀνασκολοπισμοὶ
1035 2665 1178 2747 ἔσονται,

167 2770 250 2836 ἀλλά
271 2770 338 2853 μην
360 2766 415 2833 καὶ
438 2768 590 2853 ἀφθονία
612 2781 680 2834 τῶν
704 2768 906 2852 ἐπιτηδείων.

234 2874 264 2942 ι’.
288 2876 317 2940 εἰ
338 2877 522 2961 βροντήση,
545 2874 646 2962 πέρας
669 2878 735 2960 ἔχει
758 2877 798 2940 τδι
820 2885 928 2953 κακῶς
947 2875 1180 2958 βουλευθέντα

238 3103 517 3173 ΙεύξυνθήσεταιΡ,
532 3122 562 3158 ευ
550 3099 824 3170 ξυνθήσεταιοοωὶ.
835 3104 956 3173 Rubgers
970 3103 1012 3174 113
1023 3099 1179 3177 ἐπομβρίαν

166 3177 254 3233 etiam
271 3177 299 3230 P
314 3176 324 3245 Ιλ
342 3173 361 3230 4
380 3173 493 3229 ἔνδειαν
510 3183 566 3229 τῶν
585 3174 665 3299 ΡΙΙὶδ
684 3172 837 3243 εὐθηνίαν,
857 3171 1005 3230 ἐλάττωσιν
1023 3184 1080 3229 τῶν
1098 3180 1178 3230 πολε-

166 3247 245 3320 μίων,
265 3246 444 3328 εὐφροσύνην
463 3247 491 3299 Ρ
510 3247 519 3315 ΙΙ
543 3246 560 3300 9
580 3266 635 3316 μην
636 3244 802 3320 λνοεμβρίῳ
819 3246 894 3300 rubr.
914 3247 943 3299 P
962 3248 993 3338 ΙΙ
995 3245 1033 3299 10
1053 3245 1078 3300 εἰ
1097 3249 1129 3319 βρ
1132 3266 1177 3302 ον-

166 3270 236 3390 ιήση
237 3320 249 3391 ]
268 3317 372 3373 abhinc
392 3333 500 3388 semper
514 3333 576 3386 om„
597 3317 646 3370 sed
660 3316 725 3371 hab
743 3323 776 3370 14
785 3301 838 3385 Pu
857 3315 948 3371 123ss
962 3337 995 3371 ου
982 3313 1088 3372 libri:
1109 3335 1177 3372 corr.

167 3391 278 3446 Bekker
300 3392 309 3460 ΙΙ
333 3388 370 3444 15
394 3392 487 3457 δηλοῖ
511 3388 658 3457 αἰσθητοῖς
679 3388 722 3459 τε]
742 3405 795 3442 om.
815 3389 843 3441 P
862 3390 871 3458 ΙΙ
895 3389 943 3444 15.
963 3389 1001 3443 16
1020 3389 1167 3458 αἰσθητοῷ

167 3480 235 3515 num
257 3461 422 3530 ἀνθρώποις
445 3458 507 3514 coll,
527 3459 600 3513 infra
621 3463 671 3514 18?
694 3460 703 3530 ΙΙ
727 3459 764 3513 16
782 3475 833 3528 pro
851 3477 881 3513 τε
901 3459 971 3515 coni
992 3456 1023 3514 δὲ
1041 3459 1153 3514 Bekker

169 3532 205 3586 17
225 3531 275 3587 τὸν
293 3539 370 3586 σῖτον
387 3532 431 3601 ΡΙ
448 3528 668 3600 λοιμήνονταιθ
644 3529 739 3599 01911
757 3548 787 3584 τε
806 3546 859 3585 om.
875 3531 922 3600 ΡΙΙ
937 3531 975 3585 20
993 3548 1043 3600 pro
1063 3529 1180 3585 ἔσεσθαι

168 3602 202 3657 H.
221 3601 369 3672 proposuit
388 3601 541 3672 εἴργεσθαι,
561 3600 685 3672 ἔχεσθαι,
704 3597 863 3672 ἀπέχεσθαι
