2490 4124
162 231 230 285 vm
382 212 384 219 '
531 231 808 287 Paoancounnl

170 420 205 460 ex
236 400 335 460 codice
366 401 535 461 Palatino
566 401 814 480 Heidelbergensi
850 402 1034 480 descriptum
1066 397 1180 486 ernt')

168 488 229 548 Iste
249 490 341 550 codex
358 492 424 549 tum
447 493 513 550 erat
530 484 758 550 tredentasimus
777 491 972 551 duodecimus
990 492 1069 551 inter
1087 492 1179 552 Pala·

169 578 250 639 tinos
281 579 478 639 bibliothecae
515 580 685 640 electoralis
720 571 803 660 (vide
835 581 1008 658 catalogum
1041 582 1180 642 codicum

143 693 144 697 ¹
173 665 355 728 Graecorum
372 669 455 728 illius
473 688 491 727 a
506 669 669 747 Sylburgic
689 669 858 728 confectum
877 669 909 727 in
921 669 1026 747 Miagii
1044 690 1179 731 monum.

172 756 243 833 piet.
259 760 290 817 et
303 758 381 817 liter.
396 758 533 817 Francos.
550 760 632 818 1701
653 778 682 834 p.
699 761 739 817 92
750 750 816 838 sq.)‚
835 776 915 816 nunc
929 758 1008 817 inter
1020 759 1181 820 Palatinos

170 845 370 906 bibliothecae
389 845 553 906 Vaticanae
577 848 749 906 asservatur
773 846 877 906 eodem
895 865 1019 906 numero
1038 848 1182 926 signatus

172 927 217 1016 (in
240 953 308 994 mea
331 934 461 1012 editione
483 935 587 995 littera
608 935 638 993 P
657 927 817 1017 signatus).
858 935 950 994 Dein
972 935 1181 1014 fragmentum

174 1023 393 1083 dissertationis
415 1023 568 1101 Lydianae
595 1024 632 1082 de
654 1026 752 1084 terrae
775 1023 907 1083 motibus
931 1017 1010 1105 (cap.
1030 1027 1072 1085 54
1100 1027 1180 1086 med.

63 1116 72 1136 ⁴
170 1112 239 1172 inde
264 1131 283 1171 a
306 1111 405 1172 verbis
428 1119 519 1172 ταῦτα
541 1107 595 1190 μὲν
617 1108 656 1171 iu
678 1133 721 1183 τις
743 1116 801 1172 κτλ.
815 1105 929 1194 -fin.)
953 1116 985 1172 et
1006 1116 1107 1174 totum
1125 1115 1182 1178 vi÷

173 1201 253 1261 cellii
263 1192 306 1283 (1)
321 1201 543 1280 seismolcgium
557 1193 636 1282 (cap.
653 1193 798 1281 55—58)
813 1220 850 1260 ex
864 1202 964 1261 codice
978 1201 1183 1264 bibliothecae

173 1289 387 1368 Angelicae‚
411 1308 488 1367 quae
511 1290 542 1348 in
561 1289 703 1350 coenobio
727 1289 756 1350 S.
770 1289 936 1368 Augustini
955 1292 1016 1350 ullo
1033 1291 1185 1365 Sapionuu

172 1380 287 1439 Itomae
311 1381 356 1438 est
385 1369 431 1459 (in
452 1378 508 1438 hac
532 1378 664 1438 editione
690 1379 795 1438 littera
821 1377 851 1438 A
874 1371 1009 1458 notato),
1039 1399 1185 1456 expressa

173 1468 288 1528 suntin
307 1468 388 1526 calce
405 1467 476 1526 libri
489 1467 619 1544 Lydiani
633 1468 669 1526 de
683 1467 835 1527 mensibus
850 1486 868 1527 a
886 1468 1039 1528 Nicolao
1055 1469 1184 1530 Sohow

172 1557 255 1633 Lips.
280 1557 365 1615 1794
389 1555 463 1616 editi
489 1576 518 1632 p.
540 1557 730 1617 130-134,
782 1556 945 1616 Tertium
975 1558 1183 1618 calendarium

169 1645 268 1706 clodii
281 1644 372 1704 Tusci
386 1637 474 1723 (Lyd.
489 1663 512 1703 c.
523 1636 670 1725 59—70)
688 1645 782 1704 latine
796 1645 1014 1722 interpretatus
1029 1650 1077 1706 est
1090 1648 1182 1708 initio

173 1734 287 1795 saeculi
314 1733 421 1793 decimi
449 1733 526 1793 sexti
552 1733 728 1793 Nicolaus
750 1733 977 1794 Leonicenus
1001 1736 1184 1815 ThomaeuS,

65 1839 67 1842 ⁴
170 1825 321 1901 professor
342 1822 517 1900 Patarinus,
540 1823 626 1882 cuius
645 1823 856 1900 interpretatio
875 1823 931 1882 sub
949 1823 1041 1884 titulo
1062 1823 1193 1885 Claudii·

173 1913 331 1972 Ptolemaei
343 1914 537 1972 incrronn'uun
550 1913 700 1971 stelionum
712 1913 939 1987 aipnisiootioncs
952 1930 1041 1988 saepe
1050 1914 1183 1991 prodiit3

172 2020 302 2078 namque
313 2004 344 2060 et
353 1999 569 2062 Ovidiancrum
578 2002 726 2061 fastorum
736 2000 917 2060 editionibus
927 2001 1041 2078 priscis,
1050 2003 1186 2077 primum

174 2081 225 2170 (ut
251 2088 383 2148 videtur:
416 2090 453 2149 cf.
481 2089 611 2162 Merkel,
646 2091 760 2168 proleg.
788 2088 874 2151 Ovid.
901 2090 971 2149 fast.
998 2111 1028 2166 p.
1055 2086 1187 2172 LXVII)

174 2177 303 2236 Aldinae
331 2177 402 2259 anni
436 2180 520 2238 1516
550 2178 802 2254 praemittebatur
833 2181 865 2238 et
896 2178 935 2237 ad
966 2180 1079 2238 calcem
1110 2180 1187 2240 Iulii

174 2266 297 2326 Firmici
319 2268 412 2343 atque
436 2266 651 2343 quadripartiti
678 2267 845 2327 Ptolemaei
867 2268 961 2327 latine
985 2268 1065 2329 versi
1089 2269 1186 2332 Basil.

178 2357 262 2416 1533
286 2375 315 2431 p.
337 2356 467 2416 79-84
496 2358 527 2415 et
553 2356 584 2414 in
610 2356 730 2417 Patavii
756 2357 934 2434 uranclogic
961 2356 1063 2416 Lutet.
1087 2357 1186 2418 Paris,

178 2447 264 2505 1630
286 2465 314 2521 p.
336 2446 485 2504 92-101
520 2444 602 2505 edita
625 2447 678 2506 est.
711 2443 840 2504 Videtur
867 2447 971 2504 autem
997 2445 1188 2507 Leonicenus

175 2533 350 2593 adhibuisse
373 2532 505 2593 codicem
528 2533 874 2613 LaurentianumF,
905 2553 995 2612 quem
1022 2535 1086 2612 ipse
1115 2554 1187 2595 oon-

178 2622 237 2682 tuli
260 2625 290 2680 et
312 2622 392 2681 infra
414 2621 570 2701 descripsi,
593 2624 643 2684 vel
666 2623 694 2682 ai
717 2622 912 2683 simillimum.

228 2711 356 2770 Totum
377 2730 449 2772 vero
472 2710 509 2770 de
533 2712 658 2772 ostentis
681 2712 793 2771 librum
815 2731 893 2772 anno
919 2714 1003 2772 1823
1033 2710 1189 2773 Carolus

176 2799 398 2860 Benedictus
421 2799 515 2858 Hase
539 2819 576 2859 ex
598 2801 698 2860 codice
722 2799 916 2861 Gaseolinc
939 2801 1107 2878 publicavit
1129 2803 1189 2862 hac

177 2906 251 2948 usus
273 2889 480 2964 inscriptione:
503 2889 631 2948 Ioonunis
651 2890 809 2950 Laurentii
826 2890 907 2966 ludi
924 2891 960 2949 dc
977 2893 1093 2950 ostentis
1112 2909 1191 2964 quae

180 2981 344 3053 supersunt,
367 2995 430 3036 uno
453 2995 517 3036 oum
543 2978 705 3052 frupmo'nto
733 2980 801 3039 iibri
828 2981 863 3039 do
889 2980 1036 3039 1000011100
1059 2981 1191 3039 01001001

178 3068 258 3144 Indi
280 3067 497 3141 frumentoque
518 3067 615 3126 Mani.
639 3067 755 3129 Boethii
768 3069 804 3128 de
817 3069 875 3128 diis
894 3072 920 3128 01
926 3070 1191 3143 praesensionibus

250 3258 277 3325 2)
305 3253 339 3308 cf.
367 3252 472 3308 Meursi
498 3256 556 3309 not.
583 3253 613 3308 in
637 3254 721 3310 Leon.
752 3255 847 3310 tactio.
873 3256 963 3326 bugd.
989 3255 1089 3310 Batav.
1117 3263 1188 3312 1612

176 3344 204 3396 p.
219 3331 279 3380 447,
299 3368 306 3380 .
327 3369 332 3379 .
361 3325 473 3396 11191011
492 3325 590 3396 Figuli
612 3327 644 3381 010
666 3327 817 3383 tonitruum
835 3344 888 3397 per
904 3329 1027 3398 singulos
1044 3345 1146 3383 nunscs
1165 3336 1192 3384 et

177 3398 235 3453 01100
252 3397 450 3468 significatione
467 3397 575 3465 librum,
594 3415 671 3467 quem
689 3398 788 3470 Lydus
805 3416 819 3454 0
837 3400 927 3455 lutino
946 3399 1087 3469 linguatu
1101 3399 1191 3456 Grae·

178 3486 239 3524 con
256 3469 411 3535 nonnulii,
439 3473 513 3523 00101
535 3468 625 3538 ipsun
647 3485 715 3538 opus
738 3470 770 3525 in
788 3471 947 3526 bibliotheca
965 3470 1111 3539 Palatino,
1140 3473 1191 3526 ubi

175 3556 228 3666 {izos
245 3545 309 3595 unte
327 3540 542 3610 quinquennium
565 3541 754 3610 deacupsimua
776 3548 804 3597 01,
823 3543 956 3598 edendum
974 3542 1098 3596 dedimus
1116 3542 1191 3597 Iano

206 3612 332 3682 uipercio.
