2490 4124
170 215 238 280 210
486 216 633 271 CLAVDII
651 217 860 272 PTOLUMAEI

170 378 227 445 καὶ
254 381 298 464 μὴ
325 389 428 445 πᾶσιν
456 378 659 465 ἐπιβάλλειν,
687 382 913 466 δυσπόριστον
936 384 1050 466 ἔμοιγε
1074 385 1187 450 αίτίαν

172 491 260 572 ἔχειν
292 490 528 570 καταφαίνεται
561 498 628 553 τῶν
660 486 707 553 ἐπ’
739 488 854 566 αὐτοῖς
881 487 1186 575 ἀναγεγραμμένων

172 594 399 679 ἐπισημασιῶν
426 595 552 678 άὸηλον
580 594 729 680 ἐχουσῶν
755 597 816 680 τὴν
841 597 951 662 αἰτίαν
974 596 1031 660 διὰ
1054 597 1093 660 τὸ
1119 608 1184 662 τῶν

170 702 303 790 ἡμερῶν
321 703 473 785 άστατον,
494 699 550 766 καὶ
568 703 947 789 προσαναφθησομένων
965 701 1007 767 du
1027 705 1184 767 οἰκειότε-

171 833 234 896 ρον
264 819 336 886 ταῖς
367 819 434 873 τῶν
465 806 541 895 περὶ
572 809 632 872 τὸν
663 809 767 874 αὐτὸν
793 814 917 896 χρόνον
944 811 1217 898 λαμπροτέρωνι

171 914 320 1002 ἀστέρων
352 916 508 998 φάσεσιν,
542 905 616 978 οἷον
647 926 715 980 τῶν
746 914 795 981 ἐπ’
828 916 929 1005 ὀιστῷ
961 917 1016 983 καὶ
1047 919 1182 1001 δελφῖνι

171 1034 243 1101 ταῖς
269 1032 330 1087 τοῦ
357 1023 439 1086 κατὰ
465 1022 525 1085 τὸν
553 1020 651 1086 άετὸν
677 1027 845 1108 λαμπροῦ,
873 1034 940 1088 τῶν
963 1021 1000 1090 δὲ
1025 1023 1078 1088 ἐπὶ
1103 1047 1182 1109 προ·

170 1140 351 1216 τρυγητηρι
383 1139 454 1205 ταῖς
482 1127 668 1213 ἀρκτούρου
696 1127 751 1194 καὶ
779 1131 934 1214 στάχυος,
966 1141 1034 1195 τῶν
1062 1127 1101 1194 δὲ
1130 1129 1182 1194 ἐπὶ

170 1237 303 1302 πίειάσι
329 1234 385 1299 καὶ
412 1245 482 1311 τοῖς
510 1233 640 1321 ἐρίφοις
667 1246 739 1312 ταῖς
766 1237 860 1319 αἰγὸς
887 1236 941 1301 καὶ
963 1247 1032 1302 τῶν
1054 1237 1181 1319 idiota,

171 1338 220 1409 ὧν
250 1340 388 1406 ἑκάστου
417 1339 471 1405 καί
498 1341 535 1404 τὸ
563 1339 706 1424 μέγεθος
730 1339 922 1419 ἀξιόπιστον
949 1341 991 1406 άν
1018 1349 1068 1426 είη
1098 1344 1183 1429 πρὸς
1196 1373 1218 1412 ιο

169 1450 208 1513 τὸ
237 1448 408 1513 δύνασθαί
432 1471 507 1511 τινα
532 1448 659 1532 τροπὴν
685 1449 769 1533 πρὸς
795 1449 833 1513 τὸ
861 1447 1015 1536 περιέχον
1039 1449 1182 1535 ἀπεργά-

172 1561 311 1638 σασθαι,
343 1553 397 1619 καὶ
430 1563 487 1637 τῆς
518 1553 650 1636 φάσεως
682 1553 699 1618 ὁ
732 1555 852 1638 χρόνος
882 1555 991 1638 σαφὴς
1017 1552 1072 1619 καὶ
1102 1558 1183 1639 μετὰ

172 1663 385 1745 καταλήψεως
407 1657 603 1746 ὡρισμένης·
627 1657 648 1722 ἃ
670 1669 740 1736 τοῖς
759 1659 930 1744 άμαύροις,
952 1657 1017 1746 κᾷν
1036 1660 1072 1725 ἐκ
1091 1667 1182 1727 πλει-

172 1772 262 1834 όνων
284 1769 360 1832 τινὰ
382 1767 528 1852 τυγχάνῃ
548 1776 747 1849 συνεστῶτα,
769 1777 839 1843 τοῖς
858 1768 957 1850 γεμὴ
976 1773 1182 1850 μυθοποιεῑν

170 1873 449 1963 προαιρουμένοις
476 1873 631 1956 οὐδαμῶς
658 1871 700 1937 άν
722 1873 912 1959 ὑπάρχοντα
934 1877 1071 1959 φανείη,
1102 1880 1182 1960 udi.-
1195 1904 1216 1946 ιι

171 1988 233 2048 λον
265 1978 302 2046 δὲ
330 1979 401 2046 οὐδ’
434 1978 517 2068 ἑφάς
543 1979 564 2062 ἢ
593 1977 745 2066 ἕσπερίας
771 1984 894 2067 κυρίως
922 1983 963 2044 dr
991 2004 1041 2058 τις
1069 1982 1182 2047 αὐτῶν

172 2087 374 2154 έπικαλέσειε
405 2089 463 2163 τὰς
493 2087 624 2172 πρώτας
655 2085 675 2168 ἢ
708 2087 765 2162 τάς
796 2086 933 2171 ἐσχάτας
960 2098 1028 2151 τῶν
1055 2113 1181 2172 φαντα-

172 2207 255 2261 σιῶν
277 2198 426 2279 μείζονος
448 2197 560 2281 πολλῷ
583 2202 640 2277 τῆς
662 2193 727 2258 ὑπὸ
751 2195 810 2257 τὸν
832 2193 984 2279 ὁρίζοντα
1002 2204 1063 2259 τοῦ
1082 2194 1181 2279 ἡλίου

172 2303 375 2380 διαστάσεως
398 2298 446 2364 ἐπ’
474 2298 584 2363 αὐτῶν
607 2297 849 2382 συνισταμένης
871 2311 938 2363 τῶν
960 2298 1029 2363 κατ’
1058 2302 1182 2379 αὐτοὺς

171 2537 271 2585 certam
284 2547 369 2598 mque
382 2531 519 2599 eupiieatu
533 2528 671 2594 difficilem
685 2544 795 2581 oausam
808 2528 1040 2598 sipuifioatiouum
1053 2532 1182 2585 oideutur

171 2603 280 2668 habere,
299 2618 367 2670 quae
385 2603 416 2654 iu
434 2601 546 2653 illarum
564 2600 715 2667 aspectibus
733 2605 903 2653 auuotautur
921 2600 948 2652 B
971 2601 979 2668 d
1002 2615 1032 2668 p.
1053 2599 1128 2673 209,
1143 2601 1181 2655 26

171 2671 280 2735 τούτοις
302 2671 373 2726 coni.
396 2672 428 2725 U.
451 2689 478 2738 p.
496 2676 528 2722 31
557 2672 565 2738 ΙΙ
593 2665 901 2739 {lixovias-odom
926 2673 961 2739 (9)
987 2679 1181 2742 praeterquam

172 2745 244 2815 quod
266 2748 291 2797 et
308 2744 416 2797 'ratioui
438 2743 524 2811 mapis
547 2747 753 2795 oouseutomemu
775 2748 813 2795 est
835 2743 873 2795 ad
894 2743 986 2796 stellas
1008 2744 1081 2797 alias
1105 2746 1182 2814 toupe

172 2815 380 2885 splendidiores,
403 2830 519 2882 quarum
541 2813 726 2880 apparitiones
749 2813 844 2866 iisdem
866 2814 1029 2881 temporibus
1052 2817 1181 2883 emistuut,

172 2887 263 2942 oculos
289 2891 453 2951 caumatum
480 2884 603 2937 videlieet
625 2899 678 2950 pro
702 2882 809 2954 Sapitta
832 2890 857 2938 et
879 2885 1017 2952 Deiphiuo
1038 2887 1182 2956 suipertus,

172 2976 241 3028 quae
256 2958 399 3026 prouimae
417 2962 488 3021 suut,
503 2971 555 3021 pro
575 2955 774 3008 Viudemiatore
787 2954 937 3010 Arcturum
955 2963 979 3010 et
993 2955 1113 3024 Spicum,
1128 2975 1183 3026 pro
1203 2990 1204 2995 .

177 3031 305 3100 Verpdiis
328 3035 353 3083 et
371 3028 478 3082 Haedis
497 3024 615 3093 Capram
637 3043 669 3079 ao
690 3026 862 3094 spleudidam
883 3027 1018 3096 Hyadum
1041 3031 1181 3085 observare

171 3102 212 3168 133
245 3101 280 3154 de
308 3102 368 3154 toto
396 3099 449 3152 hoc
476 3096 538 3150 loso
566 3095 600 3150 ef.
625 3097 656 3150 U.
680 3115 706 3166 p.
727 3103 759 3150 31
788 3100 797 3167 n
824 3095 890 3152 4.5
916 3097 1124 3167 ἀνοικειότερον
1148 3102 1180 3156 S:

172 3189 240 3226 corr.
264 3173 296 3226 U.
324 3174 333 3241 d
360 3170 379 3224 6
401 3179 456 3224 τῶν
480 3166 523 3222 ἐπ’
546 3185 613 3222 corr.
633 3169 666 3222 U.
689 3185 739 3238 pro
762 3174 799 3241 τῷ
821 3167 871 3239 μὲν
899 3171 908 3238 ΙΙ
936 3169 1019 3223 troo
1038 3170 1113 3225 κατὰ
1131 3173 1181 3226 τὸν

172 3243 256 3298 ἀετὸν
282 3248 409 3312 λαμπροῦ
435 3257 503 3294 corr.
528 3240 560 3293 U.
588 3257 638 3308 pro
666 3249 721 3294 τῶν
748 3239 821 3294 κατὰ
843 3238 925 3294 τόνδε
948 3240 997 3293 τὸν
1020 3241 1149 3309 λαμπρόν
1172 3244 1182 3315 ΙΙ

172 3315 269 3377 8ταῑς
287 3332 355 3368 corr.
374 3315 406 3368 U.
426 3329 476 3382 pro
495 3312 543 3366 καὶ
562 3310 607 3364 ἐπ’
623 3314 632 3380 ΙῙ
655 3312 752 3374 {truie
771 3329 838 3365 corr.
858 3312 890 3365 U.
910 3328 960 3381 pro
978 3311 1030 3380 τὴν
1053 3315 1062 3382 d
1084 3314 1123 3368 lo
1141 3311 1182 3368 ὧν

171 3385 279 3439 habent
297 3387 319 3440 S
335 3388 364 3439 et
382 3387 422 3454 B3
447 3401 499 3438 om.
518 3382 594 3452 vulg.
618 3385 627 3452 n
648 3382 685 3436 14
704 3402 735 3452 γε
754 3399 821 3437 cont
838 3383 869 3436 U.
889 3401 915 3452 p.
931 3389 964 3435 33
983 3399 1033 3452 pro
1054 3383 1085 3438 δὲ
1109 3388 1119 3455 ΙΙ
1142 3385 1180 3440 15

172 3459 275 3526 φανείη
295 3474 363 3511 corr.
378 3457 411 3511 U.
430 3456 448 3511 l.
468 3474 488 3509 s.
510 3471 560 3524 pro
582 3451 692 3523 φαίνει,
710 3451 727 3521 ἢ
742 3456 751 3523 ΙΙ
765 3454 802 3508 16
822 3456 896 3526 αὐτῷ
915 3455 947 3508 Η.
963 3454 1022 3523 1118
1043 3455 1180 3526 μείζονας,

172 3531 261 3581 πολλῶ
281 3529 312 3582 S:
332 3545 399 3583 corr.
416 3528 447 3581 U.
466 3526 485 3581 l.
506 3544 526 3580 s.
546 3543 609 3578 oum
623 3526 650 3578 B
665 3529 746 3596 (quod
765 3528 841 3596 loupe
859 3528 947 3581 maior
964 3527 1029 3581 solis
1046 3530 1182 3583 distantia

170 3599 221 3652 sub
237 3582 383 3669 iutzuue)
885 3600 887 3603 ’
