2490 4124
344 261 383 315 IN
402 261 636 316 OALENDARIA
656 262 801 317 GRAECA
1028 263 1077 318 LV

94 441 249 506 cooperare
281 431 379 490 liceat.
434 430 479 490 Εο
511 430 608 507 magis
638 431 803 506 optandum
834 433 891 509 est,
924 434 960 490 ut
991 433 1071 492 alter

92 516 186 591 quidam
207 520 300 580 codex
317 519 487 596 reperiatur
508 519 540 577 in
563 538 623 596 quo
641 520 829 596 prooemium
847 520 920 579 insit
944 522 974 579 11
997 522 1069 580 11111

18 597 25 632 ³³
90 607 176 680 1111111
189 608 427 677 observationes,
452 625 526 685 quas
540 627 620 666 nuno
640 627 709 666 cum
727 608 757 665 B
775 626 854 667 unns
871 607 896 667 S
911 609 1072 686 largiatur.

12 683 24 722 ⁸
134 696 187 756 Sed
205 717 243 756 111
262 716 341 756 nuno
361 696 481 774 quidem
498 698 651 773 perlectus
671 702 717 756 est
735 697 819 756 liber.
852 716 981 774 namque
1000 699 1070 773 plus

84 785 113 846 30
127 786 377 862 apparitiones
396 786 567 844 etiamnunc
586 786 689 845 deesse
704 786 831 846 docetur
841 787 949 845 tabula
967 786 1000 844 in
1013 787 1072 847 fine

80 875 227 935 calendarii
241 894 260 934 a
273 893 321 933 me
331 874 481 950 adscripta
495 896 523 951 p.
536 876 598 934 278
608 893 684 951 sqq.;
700 878 731 934 11
744 875 937 934 secundnm
951 878 1074 934 tentum

12 962 35 989 ·’
75 963 151 1024 luins
181 964 289 1040 scripti
319 963 451 1022 librum
481 966 634 1023 servatam
664 982 728 1023 1111
760 983 795 1022 11
824 964 1011 1041 praefatione
1042 968 1075 1024 et

72 1054 156 1113 Saida
180 1071 202 1111 1.
223 1073 251 1113 v.
270 1054 453 1129 Πτολεμαῖος
473 1070 576 1127 arguo.
617 1053 650 1110 in
668 1053 856 1128 praefatione
875 1053 953 1112 enim
971 1054 1074 1113 Ptole-

58 1138 165 1203 'maeue
184 1141 231 1200 ita
254 1141 403 1217 loquitur:
427 1136 532 1200 ὁπόσαι
555 1136 617 1217 μὲν
641 1132 705 1200 οὖν
728 1141 916 1201 συνίστανται
938 1139 1005 1222 περὶ
1022 1141 1075 1214 τὰς

65 1232 167 1308 φάσεις
195 1236 254 1289 τῶν
281 1225 421 1289 ἀπλανῶν
448 1226 589 1309 διαφοραὶ
615 1227 665 1288 καὶ
682 1227 762 1310 παρὰ
789 1230 871 1301 τίνας
898 1229 1006 1309 αἰτίας,
1034 1229 1077 1291 ἔτι

61 1317 92 1380 a
122 1323 183 1380 κτλ.
228 1316 277 1377 διὰ
310 1314 490 1398 μακροτέρου
526 1316 564 1378 ἐν
595 1326 634 1402 τῇ
666 1311 739 1377 κατ’
774 1318 872 1380 ἰδίαν
908 1319 1074 1392 συντάξει

59 1408 167 1487 τῆσδε
191 1415 253 1484 τῆς
275 1406 518 1487 πραγματείας
540 1404 760 1486 ἐφωδεύσαμεν.
796 1409 840 1468 111
858 1409 953 1487 igitur
972 1409 1073 1469 omnia

58 1500 118 1558 ista
148 1497 180 1555 in
209 1496 357 1573 singulari
383 1496 474 1555 huius
503 1495 608 1572 scripti
634 1496 711 1556 libro
740 1515 758 1555 a
785 1515 817 1556 se
844 1497 905 1556 iam
932 1516 997 1558 1111
1022 1515 1071 1557 ex·

57 1587 175 1664 posita,
205 1588 296 1662 atque
325 1585 456 1661 incipere
483 1603 544 1644 non
571 1604 694 1661 prorsus
717 1605 829 1646 novum
852 1587 998 1662 scriptum
1020 1587 1073 1646 sed

56 1679 179 1753 partem
208 1674 306 1733 solnm
333 1673 454 1733 maioris
482 1674 587 1751 scripti
613 1674 679 1750 ipsa
706 1674 857 1750 particula
885 1666 941 1734 adv
969 1676 1001 1733 in
1024 1692 1072 1734 ex·
1129 1689 1137 1704 ·

57 1765 145 1824 ordio
170 1763 272 1839 posita
295 1762 388 1822 docet.
436 1781 565 1839 quocum
593 1761 668 1821 bene
700 1763 840 1839 congruit
870 1762 978 1822 Suidas
1005 1764 1025 1822 1.
1049 1781 1072 1823 1.

55 1850 126 1933 περὶ
150 1849 271 1928 φάσεων
294 1848 344 1911 καί
365 1847 567 1928 ἐπισημασιῶν
590 1848 719 1931 ἀστέρων
742 1847 882 1909 ἀπλανῶν
909 1851 992 1929 βιβλί
1031 1844 1073 1929 β’.

57 1942 191 2018 apparet
213 1958 283 2017 ergo
306 1939 438 2016 primum
460 1940 571 1999 librum
589 1940 679 1998 huius
704 1939 821 2016 scripti,
845 1939 877 1996 in
896 1959 955 2016 qno
974 1940 1075 1999 Ptole·

56 2021 172 2091 maeus¹
191 2047 227 2110 11
249 2029 324 2087 artis
346 2028 464 2106 legibus
486 2029 635 2089 rationem
662 2028 887 2104 apparitionum
913 2029 1072 2088 stellarum

57 2112 328 2195 demonstraverit,
352 2118 542 2194 deperditum
565 2136 636 2177 1111.

128 2205 271 2266 (letarum
299 2225 367 2266 cum
394 2206 462 2265 aliis
489 2206 655 2266 Ptolemaei
682 2205 801 2282 scriptis
829 2207 921 2265 etiam
948 2207 1006 2266 hoc
1033 2207 1072 2266 ad

57 2295 178 2356 Arabes
208 2295 292 2356 venit
322 2294 412 2355 stab
435 2295 554 2354 homine
578 2294 680 2374 docto,
710 2296 759 2354 cui
786 2314 895 2355 nomen
921 2295 1071 2355 Alberuni

56 2386 131 2462 fait,
145 2385 178 2443 in
192 2383 385 2460 chronologia
399 2384 536 2461 gentium
554 2383 756 2462 orientalium,
778 2403 869 2461 quam
883 2384 938 2443 Ed.
954 2384 1073 2443 Sachau

56 2494 86 2536 a.
114 2475 202 2532 1878
231 2476 262 2532 11
292 2472 385 2531 edidit
416 2477 447 2531 et
476 2473 605 2550 Anglica
634 2472 740 2550 lingua
771 2472 989 2549 interpretatus
1020 2476 1074 2550 est,

57 2561 262 2639 multifariam
288 2561 320 2618 in
347 2561 531 2637 episomasiis
560 2560 718 2620 afferendis
750 2561 920 2620 adhibitum
952 2563 998 2621 est
1028 2552 1075 2642 (id

56 2650 145 2730 quod
169 2650 217 2708 Fr.
236 2649 375 2729 Ungerus
388 2667 515 2709 meeum
538 2642 793 2731 communicavit).

128 2738 195 2798 Iam
213 2757 284 2798 vero
306 2738 362 2797 hoc
381 2739 585 2797 calendarium
603 2758 662 2797 non
685 2739 890 2816 legitimum
914 2738 965 2798 sed
988 2739 1070 2798 frau-

36 2821 129 2888 Ι(11111
157 2827 315 2887 nebulonis
343 2827 499 2886 cuiusdam
527 2845 604 2898 esse,
634 2827 837 2886 Pontedera
865 2829 1073 2901 antianitatnan

58 2917 243 2976 Latinarenn
267 2913 503 2989 Graecarumque
526 2918 725 2975 enarrationes
753 2920 837 2990 atqne
860 2917 1072 2976 emendationes

52 3007 219 3081 praecipue
240 3005 281 3062 ad
302 3005 405 3063 ceteris
419 3007 492 3063 anni
505 3007 647 3064 rationem
661 3007 812 3065 attinentes
835 2997 951 3087 (Patao.
969 2995 1070 3083 1740)

58 3096 90 3153 in
116 3094 204 3170 epist.
225 3094 280 3171 48,
304 3094 339 3152 de
361 3092 518 3152 Palemaei
540 3094 612 3152 libro
640 3094 717 3166 falso
739 3095 791 3154 laec
812 3096 927 3153 nonnae
943 3094 1072 3166 prodite,

57 3185 112 3257 qni
124 3182 297 3242 inscribitur
315 3179 424 3256 φάσις
443 3173 527 3263 (1111)
542 3179 709 3252 ἀπλάνωυ
724 3174 807 3264 (1111)
826 3179 1073 3259 inconpertae

59 3263 149 3353 (sici)
168 3291 196 3346 p.
213 3271 330 3347 412sq.
356 3271 450 3330 amieo
473 3271 653 3347 persuadere
677 3271 780 3330 studet
803 3271 901 3330 causis
924 3273 988 3329 tam
1006 3289 1074 3346 per·

59 3360 166 3437 versis,
180 3362 246 3419 tam
259 3361 473 3437 praeposteris,
488 3362 551 3419 tam
566 3360 668 3437 deviis,
692 3363 728 3418 nt
741 3379 801 3419 non
811 3359 911 3435 ‘possit
925 3377 1025 3434 supra.
1033 3351 1073 3442 ¹⁰)

133 3566 178 3633 10)
196 3565 230 3617 ut
248 3561 303 3616 duo
319 3565 392 3617 certe
412 3562 538 3633 exempla
553 3562 681 3630 afferam,
698 3581 726 3632 p.
741 3568 806 3618 414:
822 3565 963 3633 praeclare
980 3571 1072 3620 nonen

59 3643 94 3706 τῇ
113 3633 147 3690 θ’
167 3643 227 3688 τοῦ
251 3635 361 3688 Παυνὶ
389 3632 588 3708 Δημοκρίτῳ
610 3633 700 3703 ὕδωρ
725 3634 779 3690 ἐπὶ
801 3642 871 3705 γῆν.
908 3637 1018 3692 timebat
1036 3653 1071 3691 ne
